<?xml version="1.0" encoding="UTF-8"?>
<collection xmlns="http://www.loc.gov/MARC21/slim">
<record>
<datafield tag="902" ind1=" " ind2=" ">
<subfield code="a">LBL, Berkeley</subfield>
</datafield>
<datafield tag="902" ind1=" " ind2=" ">
<subfield code="a">UC, Berkeley</subfield>
</datafield>
<datafield tag="902" ind1=" " ind2=" ">
<subfield code="a">SLAC</subfield>
</datafield>
<datafield tag="902" ind1=" " ind2=" ">
<subfield code="a">Harvard U.</subfield>
</datafield>
<datafield tag="693" ind1=" " ind2=" ">
<subfield code="e">SLAC-PEP-005</subfield>
</datafield>
<datafield tag="690" ind1="C" ind2=" ">
<subfield code="2">INSPIRE</subfield>
<subfield code="a">Published</subfield>
</datafield>
<datafield tag="269" ind1=" " ind2=" ">
<subfield code="c">1985-01</subfield>
</datafield>
<datafield tag="773" ind1=" " ind2=" ">
<subfield code="c">2580-2583</subfield>
<subfield code="p">Phys.Rev.Lett.</subfield>
<subfield code="v">54</subfield>
<subfield code="y">1985</subfield>
</datafield>
<datafield tag="970" ind1=" " ind2=" ">
<subfield code="a">SPIRES-1306880</subfield>
</datafield>
<datafield tag="300" ind1=" " ind2=" ">
<subfield code="a">12</subfield>
</datafield>
<datafield tag="999" ind1="C" ind2="5">
<subfield code="s">Phys.Rev.,D24,78</subfield>
</datafield>
<datafield tag="999" ind1="C" ind2="5">
<subfield code="s">Phys.Rev.Lett.,50,1542</subfield>
</datafield>
<datafield tag="999" ind1="C" ind2="5">
<subfield code="s">Phys.Rev.Lett.,51,1316</subfield>
</datafield>
<datafield tag="999" ind1="C" ind2="5">
<subfield code="s">Z.Phys.,C22,307</subfield>
</datafield>
<datafield tag="999" ind1="C" ind2="5">
<subfield code="s">Phys.Lett.,B135,243</subfield>
</datafield>
<datafield tag="999" ind1="C" ind2="5">
<subfield code="s">Phys.Rev.Lett.,50,2054</subfield>
</datafield>
<datafield tag="999" ind1="C" ind2="5">
<subfield code="s">Phys.Rev.Lett.,51,443</subfield>
</datafield>
<datafield tag="999" ind1="C" ind2="5">
<subfield code="s">Z.Phys.,C22,219</subfield>
</datafield>
<datafield tag="999" ind1="C" ind2="5">
<subfield code="s">Phys.Rev.Lett.,49,430</subfield>
</datafield>
<datafield tag="999" ind1="C" ind2="5">
<subfield code="s">Phys.Rev.Lett.,51,1139</subfield>
</datafield>
<datafield tag="999" ind1="C" ind2="5">
<subfield code="s">Phys.Lett.,B146,261</subfield>
</datafield>
<datafield tag="980" ind1=" " ind2=" ">
<subfield code="a">Published</subfield>
</datafield>
<datafield tag="980" ind1=" " ind2=" ">
<subfield code="a">Citeable</subfield>
</datafield>
<datafield tag="980" ind1=" " ind2=" ">
<subfield code="a">CORE</subfield>
</datafield>
<datafield tag="980" ind1=" " ind2=" ">
<subfield code="a">HEP</subfield>
</datafield>
<datafield tag="695" ind1=" " ind2=" ">
<subfield code="2">INSPIRE</subfield>
<subfield code="a">ELECTRON POSITRON: COLLIDING BEAMS</subfield>
</datafield>
<datafield tag="695" ind1=" " ind2=" ">
<subfield code="2">INSPIRE</subfield>
<subfield code="a">COLLIDING BEAMS: ELECTRON POSITRON</subfield>
</datafield>
<datafield tag="695" ind1=" " ind2=" ">
<subfield code="2">INSPIRE</subfield>
<subfield code="a">ELECTRON POSITRON: ANNIHILATION</subfield>
</datafield>
<datafield tag="695" ind1=" " ind2=" ">
<subfield code="2">INSPIRE</subfield>
<subfield code="a">ANNIHILATION: ELECTRON POSITRON</subfield>
</datafield>
<datafield tag="695" ind1=" " ind2=" ">
<subfield code="2">INSPIRE</subfield>
<subfield code="a">JET: HADROPRODUCTION</subfield>
</datafield>
<datafield tag="695" ind1=" " ind2=" ">
<subfield code="2">INSPIRE</subfield>
<subfield code="a">HADROPRODUCTION: JET</subfield>
</datafield>
<datafield tag="695" ind1=" " ind2=" ">
<subfield code="2">INSPIRE</subfield>
<subfield code="a">HADRON: MULTIPLE PRODUCTION</subfield>
</datafield>
<datafield tag="695" ind1=" " ind2=" ">
<subfield code="2">INSPIRE</subfield>
<subfield code="a">MULTIPLE PRODUCTION: HADRON</subfield>
</datafield>
<datafield tag="695" ind1=" " ind2=" ">
<subfield code="2">INSPIRE</subfield>
<subfield code="a">QUARK: JET</subfield>
</datafield>
<datafield tag="695" ind1=" " ind2=" ">
<subfield code="2">INSPIRE</subfield>
<subfield code="a">charm</subfield>
</datafield>
<datafield tag="695" ind1=" " ind2=" ">
<subfield code="2">INSPIRE</subfield>
<subfield code="a">bottom</subfield>
</datafield>
<datafield tag="695" ind1=" " ind2=" ">
<subfield code="2">INSPIRE</subfield>
<subfield code="a">LEPTON: DIRECT PRODUCTION</subfield>
</datafield>
<datafield tag="695" ind1=" " ind2=" ">
<subfield code="2">INSPIRE</subfield>
<subfield code="a">DIRECT PRODUCTION: LEPTON</subfield>
</datafield>
<datafield tag="695" ind1=" " ind2=" ">
<subfield code="2">INSPIRE</subfield>
<subfield code="a">QUARK: SEMILEPTONIC DECAY</subfield>
</datafield>
<datafield tag="695" ind1=" " ind2=" ">
<subfield code="2">INSPIRE</subfield>
<subfield code="a">SEMILEPTONIC DECAY: QUARK</subfield>
</datafield>
<datafield tag="695" ind1=" " ind2=" ">
<subfield code="2">INSPIRE</subfield>
<subfield code="a">QUARK: NONLEPTONIC DECAY</subfield>
</datafield>
<datafield tag="695" ind1=" " ind2=" ">
<subfield code="2">INSPIRE</subfield>
<subfield code="a">NONLEPTONIC DECAY: QUARK</subfield>
</datafield>
<datafield tag="695" ind1=" " ind2=" ">
<subfield code="2">INSPIRE</subfield>
<subfield code="a">CHARGED PARTICLE: MULTIPLICITY</subfield>
</datafield>
<datafield tag="695" ind1=" " ind2=" ">
<subfield code="2">INSPIRE</subfield>
<subfield code="a">MARK II</subfield>
</datafield>
<datafield tag="695" ind1=" " ind2=" ">
<subfield code="2">INSPIRE</subfield>
<subfield code="a">EXPERIMENTAL RESULTS</subfield>
</datafield>
<datafield tag="695" ind1=" " ind2=" ">
<subfield code="2">INSPIRE</subfield>
<subfield code="a">SLAC PEP STOR</subfield>
</datafield>
<datafield tag="695" ind1=" " ind2=" ">
<subfield code="2">INSPIRE</subfield>
<subfield code="a">29 GEV-CMS</subfield>
</datafield>
<datafield tag="695" ind1=" " ind2=" ">
<subfield code="2">INSPIRE</subfield>
<subfield code="e">3</subfield>
</datafield>
<datafield tag="700" ind1=" " ind2=" ">
<subfield code="a">Trilling, G.</subfield>
</datafield>
<datafield tag="700" ind1=" " ind2=" ">
<subfield code="a">Abrams, G.S.</subfield>
</datafield>
<datafield tag="700" ind1=" " ind2=" ">
<subfield code="a">Amidei, D.</subfield>
</datafield>
<datafield tag="700" ind1=" " ind2=" ">
<subfield code="a">Baden, A.R.</subfield>
</datafield>
<datafield tag="700" ind1=" " ind2=" ">
<subfield code="a">Barklow, T.</subfield>
</datafield>
<datafield tag="700" ind1=" " ind2=" ">
<subfield code="a">Boyarski, A.</subfield>
</datafield>
<datafield tag="700" ind1=" " ind2=" ">
<subfield code="a">Boyer, J.</subfield>
</datafield>
<datafield tag="700" ind1=" " ind2=" ">
<subfield code="a">Breidenbach, Martin</subfield>
</datafield>
<datafield tag="700" ind1=" " ind2=" ">
<subfield code="a">Burchat, P.</subfield>
</datafield>
<datafield tag="700" ind1=" " ind2=" ">
<subfield code="a">Burke, D.L.</subfield>
</datafield>
<datafield tag="700" ind1=" " ind2=" ">
<subfield code="a">Butler, F.</subfield>
</datafield>
<datafield tag="700" ind1=" " ind2=" ">
<subfield code="a">Dorfan, J.</subfield>
</datafield>
<datafield tag="700" ind1=" " ind2=" ">
<subfield code="a">Feldman, G.J.</subfield>
</datafield>
<datafield tag="700" ind1=" " ind2=" ">
<subfield code="a">Gidal, G.</subfield>
</datafield>
<datafield tag="700" ind1=" " ind2=" ">
<subfield code="a">Gladney, Larry D.</subfield>
</datafield>
<datafield tag="700" ind1=" " ind2=" ">
<subfield code="a">Gold, M.S.</subfield>
</datafield>
<datafield tag="700" ind1=" " ind2=" ">
<subfield code="a">Goldhaber, G.</subfield>
</datafield>
<datafield tag="700" ind1=" " ind2=" ">
<subfield code="a">Golding, L.</subfield>
</datafield>
<datafield tag="700" ind1=" " ind2=" ">
<subfield code="a">Haggerty, J.</subfield>
</datafield>
<datafield tag="700" ind1=" " ind2=" ">
<subfield code="a">Hanson, G.</subfield>
</datafield>
<datafield tag="700" ind1=" " ind2=" ">
<subfield code="a">Hayes, K.G.</subfield>
</datafield>
<datafield tag="700" ind1=" " ind2=" ">
<subfield code="a">Herrup, D.</subfield>
</datafield>
<datafield tag="700" ind1=" " ind2=" ">
<subfield code="a">Hollebeek, R.J.</subfield>
</datafield>
<datafield tag="700" ind1=" " ind2=" ">
<subfield code="a">Innes, Walter R.</subfield>
</datafield>
<datafield tag="700" ind1=" " ind2=" ">
<subfield code="a">Jaros, J.</subfield>
</datafield>
<datafield tag="700" ind1=" " ind2=" ">
<subfield code="a">Juricic, I.</subfield>
</datafield>
<datafield tag="700" ind1=" " ind2=" ">
<subfield code="a">Kadyk, J.A.</subfield>
</datafield>
<datafield tag="700" ind1=" " ind2=" ">
<subfield code="a">Karlen, D.</subfield>
</datafield>
<datafield tag="700" ind1=" " ind2=" ">
<subfield code="a">Lankford, A.J.</subfield>
</datafield>
<datafield tag="700" ind1=" " ind2=" ">
<subfield code="a">Larsen, Rudolf R.</subfield>
</datafield>
<datafield tag="700" ind1=" " ind2=" ">
<subfield code="a">LeClaire, B.</subfield>
</datafield>
<datafield tag="700" ind1=" " ind2=" ">
<subfield code="a">Levi, M.E.</subfield>
</datafield>
<datafield tag="700" ind1=" " ind2=" ">
<subfield code="a">Lockyer, N.</subfield>
</datafield>
<datafield tag="700" ind1=" " ind2=" ">
<subfield code="a">Luth, V.</subfield>
</datafield>
<datafield tag="700" ind1=" " ind2=" ">
<subfield code="a">Matteuzzi, C.</subfield>
</datafield>
<datafield tag="700" ind1=" " ind2=" ">
<subfield code="a">Nelson, M.E.</subfield>
</datafield>
<datafield tag="700" ind1=" " ind2=" ">
<subfield code="a">Ong, R.A.</subfield>
</datafield>
<datafield tag="700" ind1=" " ind2=" ">
<subfield code="a">Perl, Martin L.</subfield>
</datafield>
<datafield tag="700" ind1=" " ind2=" ">
<subfield code="a">Richter, Burton</subfield>
</datafield>
<datafield tag="700" ind1=" " ind2=" ">
<subfield code="a">Riles, Keith</subfield>
</datafield>
<datafield tag="700" ind1=" " ind2=" ">
<subfield code="a">Ross, M.C.</subfield>
</datafield>
<datafield tag="700" ind1=" " ind2=" ">
<subfield code="a">Schaad, T.</subfield>
</datafield>
<datafield tag="700" ind1=" " ind2=" ">
<subfield code="a">Schellman, H.</subfield>
</datafield>
<datafield tag="700" ind1=" " ind2=" ">
<subfield code="a">Schlatter, D.</subfield>
</datafield>
<datafield tag="700" ind1=" " ind2=" ">
<subfield code="a">Schmidke, W.B.</subfield>
</datafield>
<datafield tag="700" ind1=" " ind2=" ">
<subfield code="a">Sheldon, P.D.</subfield>
</datafield>
<datafield tag="700" ind1=" " ind2=" ">
<subfield code="a">de la Vaissiere, C.</subfield>
</datafield>
<datafield tag="700" ind1=" " ind2=" ">
<subfield code="a">Wood, D.R.</subfield>
</datafield>
<datafield tag="700" ind1=" " ind2=" ">
<subfield code="a">Yelton, J.M.</subfield>
</datafield>
<datafield tag="700" ind1=" " ind2=" ">
<subfield code="a">Zaiser, C.</subfield>
</datafield>
<datafield tag="856" ind1="4" ind2=" ">
<subfield code="u">http://www.adsabs.harvard.edu/abs/1985PhRvL..54.2580R</subfield>
<subfield code="w">1985PhRvL..54.2580R</subfield>
<subfield code="y">ADSABS</subfield>
</datafield>
<datafield tag="856" ind1="4" ind2=" ">
<subfield code="u">http://alice.cern.ch/format/showfull?sysnb=0069142</subfield>
<subfield code="w">0069142</subfield>
<subfield code="y">CERNKEY</subfield>
</datafield>
<datafield tag="856" ind1="4" ind2=" ">
<subfield code="u">http://link.aps.org/abstract/PRL/V54/P02580/</subfield>
<subfield code="w">V54/P02580/</subfield>
<subfield code="y">PRLTA</subfield>
</datafield>
<datafield tag="856" ind1="4" ind2=" ">
<subfield code="u">http://www-public.slac.stanford.edu/sciDoc/docMeta.aspx?slacPubNumber=SLAC-PUB-3557</subfield>
<subfield code="w">3557</subfield>
<subfield code="y">SLACPUB</subfield>
</datafield>
<datafield tag="856" ind1="4" ind2=" ">
<subfield code="u">http://durpdg.dur.ac.uk/cgi-hepdata/hepreac/1306880</subfield>
<subfield code="w">1306880</subfield>
<subfield code="y">DURHAM</subfield>
</datafield>
<datafield tag="024" ind1="7" ind2=" ">
<subfield code="2">DOI</subfield>
<subfield code="a">10.1103/PhysRevLett.54.2580</subfield>
</datafield>
<datafield tag="961" ind1=" " ind2=" ">
<subfield code="x">1985-01</subfield>
</datafield>
<datafield tag="961" ind1=" " ind2=" ">
<subfield code="c">2012-05-31</subfield>
</datafield>
<datafield tag="100" ind1=" " ind2=" ">
<subfield code="a">Rowson, P.C.</subfield>
</datafield>
<datafield tag="245" ind1=" " ind2=" ">
<subfield code="a">Charged Multiplicity of Hadronic Events Containing Heavy Quark Jets</subfield>
</datafield>
<datafield tag="246" ind1=" " ind2=" ">
<subfield code="a">CHARGED MULTIPLICITY OF HADRONIC EVENTS CONTAINING HEAVY QUARK JETS</subfield>
</datafield>
<datafield tag="037" ind1=" " ind2=" ">
<subfield code="a">SLAC-PUB-3557</subfield>
</datafield>
<datafield tag="037" ind1=" " ind2=" ">
<subfield code="a">LBL-18982</subfield>
</datafield>
<datafield tag="035" ind1=" " ind2=" ">
<subfield code="9">DESY</subfield>
<subfield code="z">D85-02751</subfield>
</datafield>
<datafield tag="035" ind1=" " ind2=" ">
<subfield code="9">DESY</subfield>
<subfield code="z">D85-08417</subfield>
</datafield>
<datafield tag="035" ind1=" " ind2=" ">
<subfield code="9">CERNKEY</subfield>
<subfield code="z">0069142</subfield>
</datafield>
<datafield tag="035" ind1=" " ind2=" ">
<subfield code="9">SPIRESTeX</subfield>
<subfield code="z">Rowson:1985xh</subfield>
</datafield>
</record>