
<record>
<datafield tag="024" ind1="7" ind2=" ">
<subfield code="2">DOI</subfield>
<subfield code="a">10.1103/PhysRevLett.101.202001</subfield>
</datafield>
<datafield tag="037" ind1=" " ind2=" ">
<subfield code="9">arXiv</subfield>
<subfield code="a">arXiv:0806.2472</subfield>
<subfield code="c">hep-ex</subfield>
</datafield>
<datafield tag="035" ind1=" " ind2=" ">
<subfield code="9">arXiv</subfield>
<subfield code="a">oai:arXiv.org:0806.2472</subfield>
<subfield code="z">oai:arXiv.org:0806.2472</subfield>
</datafield>
<datafield tag="037" ind1=" " ind2=" ">
<subfield code="a">FERMILAB-PUB-08-171-E</subfield>
</datafield>
<datafield tag="035" ind1=" " ind2=" ">
<subfield code="9">DESY</subfield>
<subfield code="z">D08-07138</subfield>
</datafield>
<datafield tag="035" ind1=" " ind2=" ">
<subfield code="9">SPIRESTeX</subfield>
<subfield code="z">Aaltonen:2008hc</subfield>
</datafield>
<datafield tag="084" ind1=" " ind2=" ">
<subfield code="2">PACS</subfield>
<subfield code="a">14.65.Ha</subfield>
</datafield>
<datafield tag="084" ind1=" " ind2=" ">
<subfield code="2">PACS</subfield>
<subfield code="a">12.38.Qk</subfield>
</datafield>
<datafield tag="084" ind1=" " ind2=" ">
<subfield code="2">PACS</subfield>
<subfield code="a">13.87.Ce</subfield>
</datafield>
<datafield tag="084" ind1=" " ind2=" ">
<subfield code="2">PDG</subfield>
<subfield code="9">PDG</subfield>
<subfield code="a">Q007TFB</subfield>
</datafield>
<datafield tag="100" ind1=" " ind2=" ">
<subfield code="a">Aaltonen, T.</subfield>
<subfield code="i">INSPIRE-00010138</subfield>
<subfield code="u">Helsinki Inst. of Phys.</subfield>
</datafield>
<datafield tag="245" ind1=" " ind2=" ">
<subfield code="a">Forward-Backward Asymmetry in Top Quark Production in $p\bar{p}$ Collisions at $sqrt{s}=1.96$ TeV</subfield>
</datafield>
<datafield tag="246" ind1=" " ind2=" ">
<subfield code="9">arXiv</subfield>
<subfield code="a">Forward-Backward Asymmetry in Top Quark Production in ppbar Collisions at sqrt{s}=1.96 TeV</subfield>
</datafield>
<datafield tag="269" ind1=" " ind2=" ">
<subfield code="c">2008-06</subfield>
</datafield>
<datafield tag="300" ind1=" " ind2=" ">
<subfield code="a">8</subfield>
</datafield>
<datafield tag="500" ind1=" " ind2=" ">
<subfield code="9">arXiv</subfield>
<subfield code="a">8 pages, 2 figures, submitted to Phys.Rev.Lett</subfield>
</datafield>
<datafield tag="520" ind1=" " ind2=" ">
<subfield code="9">arXiv</subfield>
<subfield code="a">Reconstructable final state kinematics and charge assignment in the reaction ppbar->ttbar allows tests of discrete strong interaction symmetries at high energy. We define frame dependent forward-backward asymmetries for the outgoing top quark in both the ppbar and ttbar rest frames, correct for experimental distortions, and derive values at the parton-level. Using 1.9/fb of ppbar collisions at sqrt{s}=1.96 TeV recorded with the CDF II detector at the Fermilab Tevatron, we measure forward-backward top quark production asymmetries in the ppbar and ttbar rest frames of A_{FB,pp} = 0.17 +- 0.08 and A_{FB,tt} = 0.24 +- 0.14.</subfield>
</datafield>
<datafield tag="650" ind1="1" ind2="7">
<subfield code="2">INSPIRE</subfield>
<subfield code="a">Experiment-HEP</subfield>
</datafield>
<datafield tag="690" ind1="C" ind2=" ">
<subfield code="2">INSPIRE</subfield>
<subfield code="a">Published</subfield>
</datafield>
<datafield tag="693" ind1=" " ind2=" ">
<subfield code="e">FNAL-E-0830</subfield>
</datafield>
<datafield tag="693" ind1=" " ind2=" ">
<subfield code="e">FNAL-TEV-CDF</subfield>
</datafield>
<datafield tag="695" ind1=" " ind2=" ">
<subfield code="2">INSPIRE</subfield>
<subfield code="a">anti-p p: colliding beams</subfield>
</datafield>
<datafield tag="695" ind1=" " ind2=" ">
<subfield code="2">INSPIRE</subfield>
<subfield code="a">anti-p p: inclusive reaction</subfield>
</datafield>
<datafield tag="695" ind1=" " ind2=" ">
<subfield code="2">INSPIRE</subfield>
<subfield code="a">top: pair production</subfield>
</datafield>
<datafield tag="695" ind1=" " ind2=" ">
<subfield code="2">INSPIRE</subfield>
<subfield code="a">final state: ((n)jet lepton)</subfield>
</datafield>
<datafield tag="695" ind1=" " ind2=" ">
<subfield code="2">INSPIRE</subfield>
<subfield code="a">angular distribution: asymmetry</subfield>
</datafield>
<datafield tag="695" ind1=" " ind2=" ">
<subfield code="2">INSPIRE</subfield>
<subfield code="a">charge: asymmetry</subfield>
</datafield>
<datafield tag="695" ind1=" " ind2=" ">
<subfield code="2">INSPIRE</subfield>
<subfield code="a">CDF</subfield>
</datafield>
<datafield tag="695" ind1=" " ind2=" ">
<subfield code="2">INSPIRE</subfield>
<subfield code="a">experimental results</subfield>
</datafield>
<datafield tag="695" ind1=" " ind2=" ">
<subfield code="2">INSPIRE</subfield>
<subfield code="a">Batavia TEVATRON Coll</subfield>
</datafield>
<datafield tag="695" ind1=" " ind2=" ">
<subfield code="2">INSPIRE</subfield>
<subfield code="a">1960 GeV-cms</subfield>
</datafield>
<datafield tag="695" ind1=" " ind2=" ">
<subfield code="2">INSPIRE</subfield>
<subfield code="e">7</subfield>
</datafield>
<datafield tag="695" ind1=" " ind2=" ">
<subfield code="2">INSPIRE</subfield>
<subfield code="e">7</subfield>
</datafield>
<datafield tag="700" ind1=" " ind2=" ">
<subfield code="a">Adelman, Jahred A.</subfield>
<subfield code="i">INSPIRE-00041460</subfield>
<subfield code="u">Chicago U., EFI</subfield>
</datafield>
<datafield tag="700" ind1=" " ind2=" ">
<subfield code="a">Akimoto, T.</subfield>
<subfield code="i">INSPIRE-00041459</subfield>
<subfield code="u">Tsukuba U.</subfield>
</datafield>
<datafield tag="700" ind1=" " ind2=" ">
<subfield code="a">Albrow, M.G.</subfield>
<subfield code="i">INSPIRE-00061401</subfield>
<subfield code="u">Fermilab</subfield>
</datafield>
<datafield tag="700" ind1=" " ind2=" ">
<subfield code="a">Alvarez Gonzalez, B.</subfield>
<subfield code="i">INSPIRE-00022061</subfield>
<subfield code="u">Cantabria U., Santander</subfield>
</datafield>
<datafield tag="700" ind1=" " ind2=" ">
<subfield code="a">Amerio, S.</subfield>
<subfield code="i">INSPIRE-00041447</subfield>
<subfield code="u">Padua U.</subfield>
</datafield>
<datafield tag="700" ind1=" " ind2=" ">
<subfield code="a">Amidei, D.</subfield>
<subfield code="i">INSPIRE-00061910</subfield>
<subfield code="u">Michigan U.</subfield>
</datafield>
<datafield tag="700" ind1=" " ind2=" ">
<subfield code="a">Anastassov, A.</subfield>
<subfield code="i">INSPIRE-00062009</subfield>
<subfield code="u">Northwestern U.</subfield>
</datafield>
<datafield tag="700" ind1=" " ind2=" ">
<subfield code="a">Annovi, A.</subfield>
<subfield code="i">INSPIRE-00041435</subfield>
<subfield code="u">Frascati</subfield>
</datafield>
<datafield tag="700" ind1=" " ind2=" ">
<subfield code="a">Antos, J.</subfield>
<subfield code="i">INSPIRE-00062457</subfield>
<subfield code="u">Comenius U.</subfield>
</datafield>
<datafield tag="700" ind1=" " ind2=" ">
<subfield code="a">Apollinari, G.</subfield>
<subfield code="i">INSPIRE-00062568</subfield>
<subfield code="u">Fermilab</subfield>
</datafield>
<datafield tag="700" ind1=" " ind2=" ">
<subfield code="a">Apresyan, A.</subfield>
<subfield code="i">INSPIRE-00022059</subfield>
<subfield code="u">Purdue U.</subfield>
</datafield>
<datafield tag="700" ind1=" " ind2=" ">
<subfield code="a">Arisawa, T.</subfield>
<subfield code="i">INSPIRE-00062831</subfield>
<subfield code="u">Waseda U.</subfield>
</datafield>
<datafield tag="700" ind1=" " ind2=" ">
<subfield code="a">Artikov, A.</subfield>
<subfield code="i">INSPIRE-00005411</subfield>
<subfield code="u">Dubna, JINR</subfield>
</datafield>
<datafield tag="700" ind1=" " ind2=" ">
<subfield code="a">Ashmanskas, W.</subfield>
<subfield code="i">INSPIRE-00063117</subfield>
<subfield code="u">Fermilab</subfield>
</datafield>
<datafield tag="700" ind1=" " ind2=" ">
<subfield code="a">Attal, A.</subfield>
<subfield code="i">INSPIRE-00027259</subfield>
<subfield code="u">Barcelona, IFAE</subfield>
</datafield>
<datafield tag="700" ind1=" " ind2=" ">
<subfield code="a">Aurisano, A.</subfield>
<subfield code="i">INSPIRE-00052759</subfield>
<subfield code="u">Texas A-M</subfield>
</datafield>
<datafield tag="700" ind1=" " ind2=" ">
<subfield code="a">Azfar, F.</subfield>
<subfield code="i">INSPIRE-00063462</subfield>
<subfield code="u">Oxford U.</subfield>
</datafield>
<datafield tag="700" ind1=" " ind2=" ">
<subfield code="a">Azzurri, P.</subfield>
<subfield code="i">INSPIRE-00063512</subfield>
<subfield code="u">Pisa U.</subfield>
</datafield>
<datafield tag="700" ind1=" " ind2=" ">
<subfield code="a">Badgett, W.</subfield>
<subfield code="i">INSPIRE-00139192</subfield>
<subfield code="u">Fermilab</subfield>
</datafield>
<datafield tag="700" ind1=" " ind2=" ">
<subfield code="a">Barbaro-Galtieri, A.</subfield>
<subfield code="i">INSPIRE-00064338</subfield>
<subfield code="u">LBL, Berkeley</subfield>
</datafield>
<datafield tag="700" ind1=" " ind2=" ">
<subfield code="a">Barnes, V.E.</subfield>
<subfield code="i">INSPIRE-00064657</subfield>
<subfield code="u">Purdue U.</subfield>
</datafield>
<datafield tag="700" ind1=" " ind2=" ">
<subfield code="a">Barnett, B.A.</subfield>
<subfield code="i">INSPIRE-00064664</subfield>
<subfield code="u">Johns Hopkins U.</subfield>
</datafield>
<datafield tag="700" ind1=" " ind2=" ">
<subfield code="a">Bartsch, V.</subfield>
<subfield code="i">INSPIRE-00006685</subfield>
<subfield code="u">University Coll. London</subfield>
</datafield>
<datafield tag="700" ind1=" " ind2=" ">
<subfield code="a">Bauer, G.</subfield>
<subfield code="i">INSPIRE-00065190</subfield>
<subfield code="u">MIT</subfield>
</datafield>
<datafield tag="700" ind1=" " ind2=" ">
<subfield code="a">Beauchemin, P.H.</subfield>
<subfield code="i">INSPIRE-00034698</subfield>
<subfield code="u">McGill U.</subfield>
</datafield>
<datafield tag="700" ind1=" " ind2=" ">
<subfield code="a">Bedeschi, F.</subfield>
<subfield code="i">INSPIRE-00065532</subfield>
<subfield code="u">Pisa U.</subfield>
</datafield>
<datafield tag="700" ind1=" " ind2=" ">
<subfield code="a">Bednar, P.</subfield>
<subfield code="u">Comenius U.</subfield>
</datafield>
<datafield tag="700" ind1=" " ind2=" ">
<subfield code="a">Beecher, D.</subfield>
<subfield code="i">INSPIRE-00009726</subfield>
<subfield code="u">University Coll. London</subfield>
</datafield>
<datafield tag="700" ind1=" " ind2=" ">
<subfield code="a">Behari, S.</subfield>
<subfield code="i">INSPIRE-00041420</subfield>
<subfield code="u">Johns Hopkins U.</subfield>
</datafield>
<datafield tag="700" ind1=" " ind2=" ">
<subfield code="a">Bellettini, G.</subfield>
<subfield code="i">INSPIRE-00065821</subfield>
<subfield code="u">Pisa U.</subfield>
</datafield>
<datafield tag="700" ind1=" " ind2=" ">
<subfield code="a">Bellinger, J.N.</subfield>
<subfield code="i">INSPIRE-00065849</subfield>
<subfield code="u">Wisconsin U., Madison</subfield>
</datafield>
<datafield tag="700" ind1=" " ind2=" ">
<subfield code="a">Benjamin, D.</subfield>
<subfield code="i">INSPIRE-00066086</subfield>
<subfield code="u">Duke U.</subfield>
</datafield>
<datafield tag="700" ind1=" " ind2=" ">
<subfield code="a">Beretvas, A.</subfield>
<subfield code="i">INSPIRE-00066235</subfield>
<subfield code="u">Fermilab</subfield>
</datafield>
<datafield tag="700" ind1=" " ind2=" ">
<subfield code="a">Beringer, J.</subfield>
<subfield code="i">INSPIRE-00066414</subfield>
<subfield code="u">LBL, Berkeley</subfield>
</datafield>
<datafield tag="700" ind1=" " ind2=" ">
<subfield code="a">Bhatti, A.</subfield>
<subfield code="i">INSPIRE-00066841</subfield>
<subfield code="u">Rockefeller U.</subfield>
</datafield>
<datafield tag="700" ind1=" " ind2=" ">
<subfield code="a">Binkley, Morris E.</subfield>
<subfield code="i">INSPIRE-00067136</subfield>
<subfield code="u">Fermilab</subfield>
</datafield>
<datafield tag="700" ind1=" " ind2=" ">
<subfield code="a">Bisello, D.</subfield>
<subfield code="i">INSPIRE-00067193</subfield>
<subfield code="u">Padua U.</subfield>
</datafield>
<datafield tag="700" ind1=" " ind2=" ">
<subfield code="a">Bizjak, Ilija</subfield>
<subfield code="i">INSPIRE-00043667</subfield>
<subfield code="u">University Coll. London</subfield>
</datafield>
<datafield tag="700" ind1=" " ind2=" ">
<subfield code="a">Blair, R.E.</subfield>
<subfield code="i">INSPIRE-00067327</subfield>
<subfield code="u">Argonne, HEP</subfield>
</datafield>
<datafield tag="700" ind1=" " ind2=" ">
<subfield code="a">Blocker, C.</subfield>
<subfield code="i">INSPIRE-00067509</subfield>
<subfield code="u">Brandeis U.</subfield>
</datafield>
<datafield tag="700" ind1=" " ind2=" ">
<subfield code="a">Blumenfeld, B.</subfield>
<subfield code="i">INSPIRE-00067678</subfield>
<subfield code="u">Johns Hopkins U.</subfield>
</datafield>
<datafield tag="700" ind1=" " ind2=" ">
<subfield code="a">Bocci, A.</subfield>
<subfield code="i">INSPIRE-00048999</subfield>
<subfield code="u">Duke U.</subfield>
</datafield>
<datafield tag="700" ind1=" " ind2=" ">
<subfield code="a">Bodek, A.</subfield>
<subfield code="i">INSPIRE-00067733</subfield>
<subfield code="u">Rochester U.</subfield>
</datafield>
<datafield tag="700" ind1=" " ind2=" ">
<subfield code="a">Boisvert, V.</subfield>
<subfield code="i">INSPIRE-00067915</subfield>
<subfield code="u">Rochester U.</subfield>
</datafield>
<datafield tag="700" ind1=" " ind2=" ">
<subfield code="a">Bolla, G.</subfield>
<subfield code="i">INSPIRE-00067927</subfield>
<subfield code="u">Purdue U.</subfield>
</datafield>
<datafield tag="700" ind1=" " ind2=" ">
<subfield code="a">Bortoletto, D.</subfield>
<subfield code="i">INSPIRE-00068366</subfield>
<subfield code="u">Purdue U.</subfield>
</datafield>
<datafield tag="700" ind1=" " ind2=" ">
<subfield code="a">Boudreau, J.</subfield>
<subfield code="i">INSPIRE-00068562</subfield>
<subfield code="u">Pittsburgh U.</subfield>
</datafield>
<datafield tag="700" ind1=" " ind2=" ">
<subfield code="a">Boveia, Antonio</subfield>
<subfield code="i">INSPIRE-00041392</subfield>
<subfield code="u">UC, Santa Barbara</subfield>
</datafield>
<datafield tag="700" ind1=" " ind2=" ">
<subfield code="a">Brau, B.</subfield>
<subfield code="i">INSPIRE-00069043</subfield>
<subfield code="u">UC, Santa Barbara</subfield>
</datafield>
<datafield tag="700" ind1=" " ind2=" ">
<subfield code="a">Bridgeman, A.</subfield>
<subfield code="i">INSPIRE-00007160</subfield>
<subfield code="u">Illinois U., Urbana</subfield>
</datafield>
<datafield tag="700" ind1=" " ind2=" ">
<subfield code="a">Brigliadori, L.</subfield>
<subfield code="i">INSPIRE-00069240</subfield>
<subfield code="u">Padua U.</subfield>
</datafield>
<datafield tag="700" ind1=" " ind2=" ">
<subfield code="a">Bromberg, C.</subfield>
<subfield code="i">INSPIRE-00069431</subfield>
<subfield code="u">Michigan State U.</subfield>
</datafield>
<datafield tag="700" ind1=" " ind2=" ">
<subfield code="a">Brubaker, E.</subfield>
<subfield code="i">INSPIRE-00052938</subfield>
<subfield code="u">Chicago U., EFI</subfield>
</datafield>
<datafield tag="700" ind1=" " ind2=" ">
<subfield code="a">Budagov, J.</subfield>
<subfield code="i">INSPIRE-00069872</subfield>
<subfield code="u">Dubna, JINR</subfield>
</datafield>
<datafield tag="700" ind1=" " ind2=" ">
<subfield code="a">Budd, H.S.</subfield>
<subfield code="i">INSPIRE-00069880</subfield>
<subfield code="u">Rochester U.</subfield>
</datafield>
<datafield tag="700" ind1=" " ind2=" ">
<subfield code="a">Budd, Sarah Rebecca</subfield>
<subfield code="i">INSPIRE-00007183</subfield>
<subfield code="u">Illinois U., Urbana</subfield>
</datafield>
<datafield tag="700" ind1=" " ind2=" ">
<subfield code="a">Burkett, K.</subfield>
<subfield code="i">INSPIRE-00070158</subfield>
<subfield code="u">Fermilab</subfield>
</datafield>
<datafield tag="700" ind1=" " ind2=" ">
<subfield code="a">Busetto, G.</subfield>
<subfield code="i">INSPIRE-00070232</subfield>
<subfield code="u">Padua U.</subfield>
</datafield>
<datafield tag="700" ind1=" " ind2=" ">
<subfield code="a">Bussey, P.</subfield>
<subfield code="i">INSPIRE-00070265</subfield>
<subfield code="u">Glasgow U.</subfield>
</datafield>
<datafield tag="700" ind1=" " ind2=" ">
<subfield code="a">Buzatu, A.</subfield>
<subfield code="i">INSPIRE-00025104</subfield>
<subfield code="u">McGill U.</subfield>
</datafield>
<datafield tag="700" ind1=" " ind2=" ">
<subfield code="a">Byrum, K.L.</subfield>
<subfield code="i">INSPIRE-00070388</subfield>
<subfield code="u">Argonne, HEP</subfield>
</datafield>
<datafield tag="700" ind1=" " ind2=" ">
<subfield code="a">Cabrera, S.</subfield>
<subfield code="i">INSPIRE-00003928</subfield>
<subfield code="u">Duke U.</subfield>
</datafield>
<datafield tag="700" ind1=" " ind2=" ">
<subfield code="a">Calancha, C.</subfield>
<subfield code="i">INSPIRE-00011150</subfield>
<subfield code="u">Madrid, CIEMAT</subfield>
</datafield>
<datafield tag="700" ind1=" " ind2=" ">
<subfield code="a">Campanelli, Mario</subfield>
<subfield code="i">INSPIRE-00070797</subfield>
<subfield code="u">Michigan State U.</subfield>
</datafield>
<datafield tag="700" ind1=" " ind2=" ">
<subfield code="a">Campbell, Myron K.</subfield>
<subfield code="i">INSPIRE-00070800</subfield>
<subfield code="u">Michigan U.</subfield>
</datafield>
<datafield tag="700" ind1=" " ind2=" ">
<subfield code="a">Canelli, F.</subfield>
<subfield code="i">INSPIRE-00070860</subfield>
<subfield code="u">Fermilab</subfield>
</datafield>
<datafield tag="700" ind1=" " ind2=" ">
<subfield code="a">Canepa, A.</subfield>
<subfield code="i">INSPIRE-00045497</subfield>
<subfield code="u">Pennsylvania U.</subfield>
</datafield>
<datafield tag="700" ind1=" " ind2=" ">
<subfield code="a">Carlsmith, D.</subfield>
<subfield code="i">INSPIRE-00071156</subfield>
<subfield code="u">Wisconsin U., Madison</subfield>
</datafield>
<datafield tag="700" ind1=" " ind2=" ">
<subfield code="a">Carosi, R.</subfield>
<subfield code="i">INSPIRE-00071241</subfield>
<subfield code="u">Pisa U.</subfield>
</datafield>
<datafield tag="700" ind1=" " ind2=" ">
<subfield code="a">Carrillo, S.</subfield>
<subfield code="i">INSPIRE-00030483</subfield>
<subfield code="u">Florida U.</subfield>
</datafield>
<datafield tag="700" ind1=" " ind2=" ">
<subfield code="a">Carron, S.</subfield>
<subfield code="i">INSPIRE-00005513</subfield>
<subfield code="u">McGill U.</subfield>
</datafield>
<datafield tag="700" ind1=" " ind2=" ">
<subfield code="a">Casal, Bruno</subfield>
<subfield code="i">INSPIRE-00047672</subfield>
<subfield code="u">Cantabria U., Santander</subfield>
</datafield>
<datafield tag="700" ind1=" " ind2=" ">
<subfield code="a">Casarsa, M.</subfield>
<subfield code="i">INSPIRE-00003916</subfield>
<subfield code="u">Fermilab</subfield>
</datafield>
<datafield tag="700" ind1=" " ind2=" ">
<subfield code="a">Castro, A.</subfield>
<subfield code="i">INSPIRE-00306868</subfield>
<subfield code="u">Bologna U.</subfield>
</datafield>
<datafield tag="700" ind1=" " ind2=" ">
<subfield code="a">Catastini, P.</subfield>
<subfield code="i">INSPIRE-00041380</subfield>
<subfield code="u">Pisa U.</subfield>
</datafield>
<datafield tag="700" ind1=" " ind2=" ">
<subfield code="a">Cauz, D.</subfield>
<subfield code="i">INSPIRE-00071702</subfield>
<subfield code="u">Trieste U.</subfield>
</datafield>
<datafield tag="700" ind1=" " ind2=" ">
<subfield code="a">Cavaliere, V.</subfield>
<subfield code="i">INSPIRE-00010976</subfield>
<subfield code="u">Pisa U.</subfield>
</datafield>
<datafield tag="700" ind1=" " ind2=" ">
<subfield code="a">Cavalli-Sforza, M.</subfield>
<subfield code="i">INSPIRE-00071735</subfield>
<subfield code="u">Barcelona, IFAE</subfield>
</datafield>
<datafield tag="700" ind1=" " ind2=" ">
<subfield code="a">Cerri, A.</subfield>
<subfield code="i">INSPIRE-00050967</subfield>
<subfield code="u">LBL, Berkeley</subfield>
</datafield>
<datafield tag="700" ind1=" " ind2=" ">
<subfield code="a">Cerrito, L.</subfield>
<subfield code="i">INSPIRE-00050901</subfield>
<subfield code="u">University Coll. London</subfield>
</datafield>
<datafield tag="700" ind1=" " ind2=" ">
<subfield code="a">Chang, S.H.</subfield>
<subfield code="i">INSPIRE-00300097</subfield>
<subfield code="u">Kyungpook Natl. U.</subfield>
</datafield>
<datafield tag="700" ind1=" " ind2=" ">
<subfield code="a">Chen, Yen-Chu</subfield>
<subfield code="i">INSPIRE-00004797</subfield>
<subfield code="u">Taiwan, Inst. Phys.</subfield>
</datafield>
<datafield tag="700" ind1=" " ind2=" ">
<subfield code="a">Chertok, M.</subfield>
<subfield code="i">INSPIRE-00072789</subfield>
<subfield code="u">UC, Davis</subfield>
</datafield>
<datafield tag="700" ind1=" " ind2=" ">
<subfield code="a">Chiarelli, G.</subfield>
<subfield code="i">INSPIRE-00072892</subfield>
<subfield code="u">Pisa U.</subfield>
</datafield>
<datafield tag="700" ind1=" " ind2=" ">
<subfield code="a">Chlachidze, G.</subfield>
<subfield code="i">INSPIRE-00073077</subfield>
<subfield code="u">Fermilab</subfield>
</datafield>
<datafield tag="700" ind1=" " ind2=" ">
<subfield code="a">Chlebana, Frank S.</subfield>
<subfield code="i">INSPIRE-00073082</subfield>
<subfield code="u">Fermilab</subfield>
</datafield>
<datafield tag="700" ind1=" " ind2=" ">
<subfield code="a">Cho, Kihyeon</subfield>
<subfield code="i">INSPIRE-00073118</subfield>
<subfield code="u">Kyungpook Natl. U.</subfield>
</datafield>
<datafield tag="700" ind1=" " ind2=" ">
<subfield code="a">Chokheli, D.</subfield>
<subfield code="i">INSPIRE-00041379</subfield>
<subfield code="u">Dubna, JINR</subfield>
</datafield>
<datafield tag="700" ind1=" " ind2=" ">
<subfield code="a">Chou, J.P.</subfield>
<subfield code="i">INSPIRE-00046821</subfield>
<subfield code="u">Harvard U.</subfield>
</datafield>
<datafield tag="700" ind1=" " ind2=" ">
<subfield code="a">Choudalakis, G.</subfield>
<subfield code="i">INSPIRE-00034250</subfield>
<subfield code="u">MIT</subfield>
</datafield>
<datafield tag="700" ind1=" " ind2=" ">
<subfield code="a">Chuang, S.H.</subfield>
<subfield code="i">INSPIRE-00021576</subfield>
<subfield code="u">Rutgers U., Piscataway</subfield>
</datafield>
<datafield tag="700" ind1=" " ind2=" ">
<subfield code="a">Chung, Kwangzoo</subfield>
<subfield code="i">INSPIRE-00049370</subfield>
<subfield code="u">Carnegie Mellon U.</subfield>
</datafield>
<datafield tag="700" ind1=" " ind2=" ">
<subfield code="a">Chung, W.H.</subfield>
<subfield code="i">INSPIRE-00073483</subfield>
<subfield code="u">Wisconsin U., Madison</subfield>
</datafield>
<datafield tag="700" ind1=" " ind2=" ">
<subfield code="a">Chung, Y.S.</subfield>
<subfield code="i">INSPIRE-00073495</subfield>
<subfield code="u">Rochester U.</subfield>
</datafield>
<datafield tag="700" ind1=" " ind2=" ">
<subfield code="a">Chwalek, Th.</subfield>
<subfield code="i">INSPIRE-00023494</subfield>
<subfield code="u">Karlsruhe U., EKP</subfield>
</datafield>
<datafield tag="700" ind1=" " ind2=" ">
<subfield code="a">Ciobanu, C.I.</subfield>
<subfield code="i">INSPIRE-00050982</subfield>
<subfield code="u">Paris U., VI-VII</subfield>
</datafield>
<datafield tag="700" ind1=" " ind2=" ">
<subfield code="a">Ciocci, M.A.</subfield>
<subfield code="i">INSPIRE-00041341</subfield>
<subfield code="u">Pisa U.</subfield>
</datafield>
<datafield tag="700" ind1=" " ind2=" ">
<subfield code="a">Clark, Allan Geoffrey</subfield>
<subfield code="i">INSPIRE-00073664</subfield>
<subfield code="u">Geneva U.</subfield>
</datafield>
<datafield tag="700" ind1=" " ind2=" ">
<subfield code="a">Clark, David Kendall</subfield>
<subfield code="i">INSPIRE-00005984</subfield>
<subfield code="u">Brandeis U.</subfield>
</datafield>
<datafield tag="700" ind1=" " ind2=" ">
<subfield code="a">Compostella, G.</subfield>
<subfield code="i">INSPIRE-00041330</subfield>
<subfield code="u">Padua U.</subfield>
</datafield>
<datafield tag="700" ind1=" " ind2=" ">
<subfield code="a">Convery, M.E.</subfield>
<subfield code="i">INSPIRE-00074310</subfield>
<subfield code="u">Fermilab</subfield>
</datafield>
<datafield tag="700" ind1=" " ind2=" ">
<subfield code="a">Conway, J.</subfield>
<subfield code="i">INSPIRE-00074326</subfield>
<subfield code="u">UC, Davis</subfield>
</datafield>
<datafield tag="700" ind1=" " ind2=" ">
<subfield code="a">Copic, K.</subfield>
<subfield code="i">INSPIRE-00045750</subfield>
<subfield code="u">Michigan U.</subfield>
</datafield>
<datafield tag="700" ind1=" " ind2=" ">
<subfield code="a">Cordelli, M.</subfield>
<subfield code="i">INSPIRE-00300023</subfield>
<subfield code="u">Frascati</subfield>
</datafield>
<datafield tag="700" ind1=" " ind2=" ">
<subfield code="a">Cortiana, G.</subfield>
<subfield code="i">INSPIRE-00041311</subfield>
<subfield code="u">Padua U.</subfield>
</datafield>
<datafield tag="700" ind1=" " ind2=" ">
<subfield code="a">Cox, D.J.</subfield>
<subfield code="i">INSPIRE-00010140</subfield>
<subfield code="u">UC, Davis</subfield>
</datafield>
<datafield tag="700" ind1=" " ind2=" ">
<subfield code="a">Crescioli, F.</subfield>
<subfield code="i">INSPIRE-00030662</subfield>
<subfield code="u">Pisa U.</subfield>
</datafield>
<datafield tag="700" ind1=" " ind2=" ">
<subfield code="a">Cuenca Almenar, C.</subfield>
<subfield code="i">INSPIRE-00041308</subfield>
<subfield code="u">UC, Davis</subfield>
</datafield>
<datafield tag="700" ind1=" " ind2=" ">
<subfield code="a">Cuevas, Javier</subfield>
<subfield code="i">INSPIRE-00006553</subfield>
<subfield code="u">Cantabria U., Santander</subfield>
</datafield>
<datafield tag="700" ind1=" " ind2=" ">
<subfield code="a">Culbertson, R.</subfield>
<subfield code="i">INSPIRE-00075235</subfield>
<subfield code="u">Fermilab</subfield>
</datafield>
<datafield tag="700" ind1=" " ind2=" ">
<subfield code="a">Cully, J.C.</subfield>
<subfield code="i">INSPIRE-00030471</subfield>
<subfield code="u">Michigan U.</subfield>
</datafield>
<datafield tag="700" ind1=" " ind2=" ">
<subfield code="a">Dagenhart, D.</subfield>
<subfield code="i">INSPIRE-00075539</subfield>
<subfield code="u">Fermilab</subfield>
</datafield>
<datafield tag="700" ind1=" " ind2=" ">
<subfield code="a">Datta, Mousumi</subfield>
<subfield code="i">INSPIRE-00041603</subfield>
<subfield code="u">Fermilab</subfield>
</datafield>
<datafield tag="700" ind1=" " ind2=" ">
<subfield code="a">Davies, Toby Paul</subfield>
<subfield code="i">INSPIRE-00007967</subfield>
<subfield code="u">Glasgow U.</subfield>
</datafield>
<datafield tag="700" ind1=" " ind2=" ">
<subfield code="a">de Barbaro, Pawel</subfield>
<subfield code="i">INSPIRE-00064353</subfield>
<subfield code="u">Rochester U.</subfield>
</datafield>
<datafield tag="700" ind1=" " ind2=" ">
<subfield code="a">De Cecco, S.</subfield>
<subfield code="i">INSPIRE-00041280</subfield>
<subfield code="u">Rome U.</subfield>
</datafield>
<datafield tag="700" ind1=" " ind2=" ">
<subfield code="a">Deisher, A.</subfield>
<subfield code="i">INSPIRE-00005959</subfield>
<subfield code="u">LBL, Berkeley</subfield>
</datafield>
<datafield tag="700" ind1=" " ind2=" ">
<subfield code="a">De Lorenzo, G.</subfield>
<subfield code="i">INSPIRE-00025035</subfield>
<subfield code="u">Barcelona, IFAE</subfield>
</datafield>
<datafield tag="700" ind1=" " ind2=" ">
<subfield code="a">Dell'Orso, M.</subfield>
<subfield code="i">INSPIRE-00113420</subfield>
<subfield code="u">Pisa U.</subfield>
</datafield>
<datafield tag="700" ind1=" " ind2=" ">
<subfield code="a">Deluca, C.</subfield>
<subfield code="i">INSPIRE-00018879</subfield>
<subfield code="u">Barcelona, IFAE</subfield>
</datafield>
<datafield tag="700" ind1=" " ind2=" ">
<subfield code="a">Demortier, L.</subfield>
<subfield code="i">INSPIRE-00076631</subfield>
<subfield code="u">Rockefeller U.</subfield>
</datafield>
<datafield tag="700" ind1=" " ind2=" ">
<subfield code="a">Deng, Jianrong</subfield>
<subfield code="i">INSPIRE-00046433</subfield>
<subfield code="u">Duke U.</subfield>
</datafield>
<datafield tag="700" ind1=" " ind2=" ">
<subfield code="a">Deninno, M.</subfield>
<subfield code="i">INSPIRE-00076689</subfield>
<subfield code="u">Bologna U.</subfield>
</datafield>
<datafield tag="700" ind1=" " ind2=" ">
<subfield code="a">Derwent, P.F.</subfield>
<subfield code="i">INSPIRE-00076801</subfield>
<subfield code="u">Fermilab</subfield>
</datafield>
<datafield tag="700" ind1=" " ind2=" ">
<subfield code="a">di Giovanni, G.P.</subfield>
<subfield code="i">INSPIRE-00030650</subfield>
<subfield code="u">Paris U., VI-VII</subfield>
</datafield>
<datafield tag="700" ind1=" " ind2=" ">
<subfield code="a">Dionisi, C.</subfield>
<subfield code="i">INSPIRE-00077251</subfield>
<subfield code="u">Rome U.</subfield>
</datafield>
<datafield tag="700" ind1=" " ind2=" ">
<subfield code="a">Di Ruzza, B.</subfield>
<subfield code="i">INSPIRE-00030649</subfield>
<subfield code="u">Trieste U.</subfield>
</datafield>
<datafield tag="700" ind1=" " ind2=" ">
<subfield code="a">Dittmann, J.R.</subfield>
<subfield code="i">INSPIRE-00077316</subfield>
<subfield code="u">Baylor U.</subfield>
</datafield>
<datafield tag="700" ind1=" " ind2=" ">
<subfield code="a">D'Onofrio, M.</subfield>
<subfield code="i">INSPIRE-00041292</subfield>
<subfield code="u">Barcelona, IFAE</subfield>
</datafield>
<datafield tag="700" ind1=" " ind2=" ">
<subfield code="a">Donati, S.</subfield>
<subfield code="i">INSPIRE-00041275</subfield>
<subfield code="u">Pisa U.</subfield>
</datafield>
<datafield tag="700" ind1=" " ind2=" ">
<subfield code="a">Dong, Peter Joseph</subfield>
<subfield code="i">INSPIRE-00007614</subfield>
<subfield code="u">UCLA</subfield>
</datafield>
<datafield tag="700" ind1=" " ind2=" ">
<subfield code="a">Donini, J.</subfield>
<subfield code="i">INSPIRE-00041261</subfield>
<subfield code="u">Padua U.</subfield>
</datafield>
<datafield tag="700" ind1=" " ind2=" ">
<subfield code="a">Dorigo, T.</subfield>
<subfield code="i">INSPIRE-00077883</subfield>
<subfield code="u">Padua U.</subfield>
</datafield>
<datafield tag="700" ind1=" " ind2=" ">
<subfield code="a">Dube, Sourabh Shishir</subfield>
<subfield code="i">INSPIRE-00006352</subfield>
<subfield code="u">Rutgers U., Piscataway</subfield>
</datafield>
<datafield tag="700" ind1=" " ind2=" ">
<subfield code="a">Efron, J.</subfield>
<subfield code="i">INSPIRE-00041250</subfield>
<subfield code="u">Ohio State U.</subfield>
</datafield>
<datafield tag="700" ind1=" " ind2=" ">
<subfield code="a">Elagin, A.</subfield>
<subfield code="i">INSPIRE-00009922</subfield>
<subfield code="u">Texas A-M</subfield>
</datafield>
<datafield tag="700" ind1=" " ind2=" ">
<subfield code="a">Erbacher, R.</subfield>
<subfield code="i">INSPIRE-00079728</subfield>
<subfield code="u">UC, Davis</subfield>
</datafield>
<datafield tag="700" ind1=" " ind2=" ">
<subfield code="a">Errede, D.</subfield>
<subfield code="i">INSPIRE-00079877</subfield>
<subfield code="u">Illinois U., Urbana</subfield>
</datafield>
<datafield tag="700" ind1=" " ind2=" ">
<subfield code="a">Errede, S.</subfield>
<subfield code="i">INSPIRE-00079889</subfield>
<subfield code="u">Illinois U., Urbana</subfield>
</datafield>
<datafield tag="700" ind1=" " ind2=" ">
<subfield code="a">Eusebi, R.</subfield>
<subfield code="i">INSPIRE-00049427</subfield>
<subfield code="u">Fermilab</subfield>
</datafield>
<datafield tag="700" ind1=" " ind2=" ">
<subfield code="a">Fang, H.C.</subfield>
<subfield code="i">INSPIRE-00041248</subfield>
<subfield code="u">LBL, Berkeley</subfield>
</datafield>
<datafield tag="700" ind1=" " ind2=" ">
<subfield code="a">Farrington, S.</subfield>
<subfield code="i">INSPIRE-00060080</subfield>
<subfield code="u">Oxford U.</subfield>
</datafield>
<datafield tag="700" ind1=" " ind2=" ">
<subfield code="a">Fedorko, W.T.</subfield>
<subfield code="i">INSPIRE-00041224</subfield>
<subfield code="u">Chicago U., EFI</subfield>
</datafield>
<datafield tag="700" ind1=" " ind2=" ">
<subfield code="a">Feild, R.G.</subfield>
<subfield code="i">INSPIRE-00080607</subfield>
<subfield code="u">Yale U.</subfield>
</datafield>
<datafield tag="700" ind1=" " ind2=" ">
<subfield code="a">Feindt, M.</subfield>
<subfield code="i">INSPIRE-00080621</subfield>
<subfield code="u">Karlsruhe U., EKP</subfield>
</datafield>
<datafield tag="700" ind1=" " ind2=" ">
<subfield code="a">Fernandez, Juan Pablo</subfield>
<subfield code="i">INSPIRE-00051894</subfield>
<subfield code="u">Madrid, CIEMAT</subfield>
</datafield>
<datafield tag="700" ind1=" " ind2=" ">
<subfield code="a">Ferrazza, C.</subfield>
<subfield code="i">INSPIRE-00022045</subfield>
<subfield code="u">Pisa U.</subfield>
</datafield>
<datafield tag="700" ind1=" " ind2=" ">
<subfield code="a">Field, Richard D.</subfield>
<subfield code="i">INSPIRE-00300041</subfield>
<subfield code="u">Florida U.</subfield>
</datafield>
<datafield tag="700" ind1=" " ind2=" ">
<subfield code="a">Flanagan, G.</subfield>
<subfield code="i">INSPIRE-00081571</subfield>
<subfield code="u">Purdue U.</subfield>
</datafield>
<datafield tag="700" ind1=" " ind2=" ">
<subfield code="a">Forrest, Robert David</subfield>
<subfield code="i">INSPIRE-00009203</subfield>
<subfield code="u">UC, Davis</subfield>
</datafield>
<datafield tag="700" ind1=" " ind2=" ">
<subfield code="a">Franklin, M.</subfield>
<subfield code="i">INSPIRE-00082230</subfield>
<subfield code="u">Harvard U.</subfield>
</datafield>
<datafield tag="700" ind1=" " ind2=" ">
<subfield code="a">Freeman, J.C.</subfield>
<subfield code="i">INSPIRE-00041208</subfield>
<subfield code="u">Fermilab</subfield>
</datafield>
<datafield tag="700" ind1=" " ind2=" ">
<subfield code="a">Furic, I.</subfield>
<subfield code="i">INSPIRE-00052201</subfield>
<subfield code="u">Florida U.</subfield>
</datafield>
<datafield tag="700" ind1=" " ind2=" ">
<subfield code="a">Gallinaro, M.</subfield>
<subfield code="i">INSPIRE-00083348</subfield>
<subfield code="u">Rome U.</subfield>
</datafield>
<datafield tag="700" ind1=" " ind2=" ">
<subfield code="a">Galyardt, J.</subfield>
<subfield code="i">INSPIRE-00005049</subfield>
<subfield code="u">Carnegie Mellon U.</subfield>
</datafield>
<datafield tag="700" ind1=" " ind2=" ">
<subfield code="a">Garberson, Jeffrey Ford</subfield>
<subfield code="i">INSPIRE-00008636</subfield>
<subfield code="u">UC, Santa Barbara</subfield>
</datafield>
<datafield tag="700" ind1=" " ind2=" ">
<subfield code="a">Garcia-Navarro, Jose Enrique</subfield>
<subfield code="i">INSPIRE-00022084</subfield>
<subfield code="u">Pisa U.</subfield>
</datafield>
<datafield tag="700" ind1=" " ind2=" ">
<subfield code="a">Garfinkel, A.F.</subfield>
<subfield code="i">INSPIRE-00083729</subfield>
<subfield code="u">Purdue U.</subfield>
</datafield>
<datafield tag="700" ind1=" " ind2=" ">
<subfield code="a">Genser, K.</subfield>
<subfield code="i">INSPIRE-00084297</subfield>
<subfield code="u">Fermilab</subfield>
</datafield>
<datafield tag="700" ind1=" " ind2=" ">
<subfield code="a">Gerberich, H.</subfield>
<subfield code="i">INSPIRE-00053940</subfield>
<subfield code="u">Illinois U., Urbana</subfield>
</datafield>
<datafield tag="700" ind1=" " ind2=" ">
<subfield code="a">Gerdes, D.</subfield>
<subfield code="i">INSPIRE-00084411</subfield>
<subfield code="u">Michigan U.</subfield>
</datafield>
<datafield tag="700" ind1=" " ind2=" ">
<subfield code="a">Gessler, A.</subfield>
<subfield code="i">INSPIRE-00036519</subfield>
<subfield code="u">Karlsruhe U., EKP</subfield>
</datafield>
<datafield tag="700" ind1=" " ind2=" ">
<subfield code="a">Giagu, S.</subfield>
<subfield code="i">INSPIRE-00084627</subfield>
<subfield code="u">Rome U.</subfield>
</datafield>
<datafield tag="700" ind1=" " ind2=" ">
<subfield code="a">Giakoumopoulou, V.</subfield>
<subfield code="i">INSPIRE-00007684</subfield>
<subfield code="u">Athens U.</subfield>
</datafield>
<datafield tag="700" ind1=" " ind2=" ">
<subfield code="a">Giannetti, P.</subfield>
<subfield code="i">INSPIRE-00003904</subfield>
<subfield code="u">Pisa U.</subfield>
</datafield>
<datafield tag="700" ind1=" " ind2=" ">
<subfield code="a">Gibson, Karen Ruth</subfield>
<subfield code="i">INSPIRE-00034381</subfield>
<subfield code="u">Pittsburgh U.</subfield>
</datafield>
<datafield tag="700" ind1=" " ind2=" ">
<subfield code="a">Gimmell, J.L.</subfield>
<subfield code="i">INSPIRE-00036216</subfield>
<subfield code="u">Rochester U.</subfield>
</datafield>
<datafield tag="700" ind1=" " ind2=" ">
<subfield code="a">Ginsburg, C.M.</subfield>
<subfield code="i">INSPIRE-00084899</subfield>
<subfield code="u">Fermilab</subfield>
</datafield>
<datafield tag="700" ind1=" " ind2=" ">
<subfield code="a">Giokaris, N.</subfield>
<subfield code="i">INSPIRE-00084938</subfield>
<subfield code="u">Athens U.</subfield>
</datafield>
<datafield tag="700" ind1=" " ind2=" ">
<subfield code="a">Giordani, M.</subfield>
<subfield code="i">INSPIRE-00084948</subfield>
<subfield code="u">Trieste U.</subfield>
</datafield>
<datafield tag="700" ind1=" " ind2=" ">
<subfield code="a">Giromini, P.</subfield>
<subfield code="i">INSPIRE-00085050</subfield>
<subfield code="u">Frascati</subfield>
</datafield>
<datafield tag="700" ind1=" " ind2=" ">
<subfield code="a">Giunta, Michele</subfield>
<subfield code="i">INSPIRE-00006883</subfield>
<subfield code="u">Pisa U.</subfield>
</datafield>
<datafield tag="700" ind1=" " ind2=" ">
<subfield code="a">Giurgiu, G.</subfield>
<subfield code="i">INSPIRE-00049012</subfield>
<subfield code="u">Johns Hopkins U.</subfield>
</datafield>
<datafield tag="700" ind1=" " ind2=" ">
<subfield code="a">Glagolev, V.</subfield>
<subfield code="i">INSPIRE-00085150</subfield>
<subfield code="u">Dubna, JINR</subfield>
</datafield>
<datafield tag="700" ind1=" " ind2=" ">
<subfield code="a">Glenzinski, D.</subfield>
<subfield code="i">INSPIRE-00085211</subfield>
<subfield code="u">Fermilab</subfield>
</datafield>
<datafield tag="700" ind1=" " ind2=" ">
<subfield code="a">Gold, Michael S.</subfield>
<subfield code="i">INSPIRE-00085380</subfield>
<subfield code="u">New Mexico U.</subfield>
</datafield>
<datafield tag="700" ind1=" " ind2=" ">
<subfield code="a">Goldschmidt, N.</subfield>
<subfield code="i">INSPIRE-00057019</subfield>
<subfield code="u">Florida U.</subfield>
</datafield>
<datafield tag="700" ind1=" " ind2=" ">
<subfield code="a">Golossanov, A.</subfield>
<subfield code="i">INSPIRE-00085656</subfield>
<subfield code="u">Fermilab</subfield>
</datafield>
<datafield tag="700" ind1=" " ind2=" ">
<subfield code="a">Gomez, Gervasio</subfield>
<subfield code="i">INSPIRE-00085731</subfield>
<subfield code="u">Cantabria U., Santander</subfield>
</datafield>
<datafield tag="700" ind1=" " ind2=" ">
<subfield code="a">Gomez-Ceballos, Guillelmo</subfield>
<subfield code="i">INSPIRE-00041199</subfield>
<subfield code="u">MIT</subfield>
</datafield>
<datafield tag="700" ind1=" " ind2=" ">
<subfield code="a">Goncharov, M.</subfield>
<subfield code="i">INSPIRE-00085771</subfield>
<subfield code="u">Texas A-M</subfield>
</datafield>
<datafield tag="700" ind1=" " ind2=" ">
<subfield code="a">Gonzalez Lopez, Oscar</subfield>
<subfield code="i">INSPIRE-00018464</subfield>
<subfield code="u">Madrid, CIEMAT</subfield>
</datafield>
<datafield tag="700" ind1=" " ind2=" ">
<subfield code="a">Gorelov, I.</subfield>
<subfield code="i">INSPIRE-00048110</subfield>
<subfield code="u">New Mexico U.</subfield>
</datafield>
<datafield tag="700" ind1=" " ind2=" ">
<subfield code="a">Goshaw, A.T.</subfield>
<subfield code="i">INSPIRE-00086006</subfield>
<subfield code="u">Duke U.</subfield>
</datafield>
<datafield tag="700" ind1=" " ind2=" ">
<subfield code="a">Goulianos, Konstantin A.</subfield>
<subfield code="i">INSPIRE-00086121</subfield>
<subfield code="u">Rockefeller U.</subfield>
</datafield>
<datafield tag="700" ind1=" " ind2=" ">
<subfield code="a">Gresele, A.</subfield>
<subfield code="i">INSPIRE-00041187</subfield>
<subfield code="u">Padua U.</subfield>
</datafield>
<datafield tag="700" ind1=" " ind2=" ">
<subfield code="a">Grinstein, S.</subfield>
<subfield code="i">INSPIRE-00086810</subfield>
<subfield code="u">Harvard U.</subfield>
</datafield>
<datafield tag="700" ind1=" " ind2=" ">
<subfield code="a">Grosso-Pilcher, C.</subfield>
<subfield code="i">INSPIRE-00087060</subfield>
<subfield code="u">Chicago U., EFI</subfield>
</datafield>
<datafield tag="700" ind1=" " ind2=" ">
<subfield code="a">Group, R.C.</subfield>
<subfield code="i">INSPIRE-00041175</subfield>
<subfield code="u">Fermilab</subfield>
</datafield>
<datafield tag="700" ind1=" " ind2=" ">
<subfield code="a">Grundler, U.</subfield>
<subfield code="i">INSPIRE-00041163</subfield>
<subfield code="u">Illinois U., Urbana</subfield>
</datafield>
<datafield tag="700" ind1=" " ind2=" ">
<subfield code="a">Guimaraes da Costa, J.</subfield>
<subfield code="i">INSPIRE-00087323</subfield>
<subfield code="u">Harvard U.</subfield>
</datafield>
<datafield tag="700" ind1=" " ind2=" ">
<subfield code="a">Gunay-Unalan, Z.</subfield>
<subfield code="i">INSPIRE-00047073</subfield>
<subfield code="u">Michigan State U.</subfield>
</datafield>
<datafield tag="700" ind1=" " ind2=" ">
<subfield code="a">Haber, C.</subfield>
<subfield code="i">INSPIRE-00087660</subfield>
<subfield code="u">LBL, Berkeley</subfield>
</datafield>
<datafield tag="700" ind1=" " ind2=" ">
<subfield code="a">Hahn, Kristian Allan</subfield>
<subfield code="i">INSPIRE-00032436</subfield>
<subfield code="u">MIT</subfield>
</datafield>
<datafield tag="700" ind1=" " ind2=" ">
<subfield code="a">Hahn, S.R.</subfield>
<subfield code="i">INSPIRE-00087929</subfield>
<subfield code="u">Fermilab</subfield>
</datafield>
<datafield tag="700" ind1=" " ind2=" ">
<subfield code="a">Halkiadakis, E.</subfield>
<subfield code="i">INSPIRE-00088055</subfield>
<subfield code="u">Rutgers U., Piscataway</subfield>
</datafield>
<datafield tag="700" ind1=" " ind2=" ">
<subfield code="a">Han, B.Y.</subfield>
<subfield code="i">INSPIRE-00041155</subfield>
<subfield code="u">Rochester U.</subfield>
</datafield>
<datafield tag="700" ind1=" " ind2=" ">
<subfield code="a">Han, J.Y.</subfield>
<subfield code="i">INSPIRE-00003898</subfield>
<subfield code="u">Rochester U.</subfield>
</datafield>
<datafield tag="700" ind1=" " ind2=" ">
<subfield code="a">Handler, R.</subfield>
<subfield code="u">Wisconsin U., Madison</subfield>
</datafield>
<datafield tag="700" ind1=" " ind2=" ">
<subfield code="a">Happacher, F.</subfield>
<subfield code="i">INSPIRE-00041141</subfield>
<subfield code="u">Frascati</subfield>
</datafield>
<datafield tag="700" ind1=" " ind2=" ">
<subfield code="a">Hara, Kazuhiko</subfield>
<subfield code="i">INSPIRE-00300064</subfield>
<subfield code="u">Tsukuba U.</subfield>
</datafield>
<datafield tag="700" ind1=" " ind2=" ">
<subfield code="a">Hare, D.</subfield>
<subfield code="i">INSPIRE-00036304</subfield>
<subfield code="u">Rutgers U., Piscataway</subfield>
</datafield>
<datafield tag="700" ind1=" " ind2=" ">
<subfield code="a">Hare, Matthew Frederick</subfield>
<subfield code="i">INSPIRE-00036820</subfield>
<subfield code="u">Tufts U.</subfield>
</datafield>
<datafield tag="700" ind1=" " ind2=" ">
<subfield code="a">Harper, S.</subfield>
<subfield code="i">INSPIRE-00006541</subfield>
<subfield code="u">Oxford U.</subfield>
</datafield>
<datafield tag="700" ind1=" " ind2=" ">
<subfield code="a">Harr, R.F.</subfield>
<subfield code="i">INSPIRE-00088724</subfield>
<subfield code="u">Wayne State U.</subfield>
</datafield>
<datafield tag="700" ind1=" " ind2=" ">
<subfield code="a">Harris, Robert M.</subfield>
<subfield code="i">INSPIRE-00088770</subfield>
<subfield code="u">Fermilab</subfield>
</datafield>
<datafield tag="700" ind1=" " ind2=" ">
<subfield code="a">Hartz, M.</subfield>
<subfield code="i">INSPIRE-00006070</subfield>
<subfield code="u">Pittsburgh U.</subfield>
</datafield>
<datafield tag="700" ind1=" " ind2=" ">
<subfield code="a">Hatakeyama, K.</subfield>
<subfield code="i">INSPIRE-00054461</subfield>
<subfield code="u">Rockefeller U.</subfield>
</datafield>
<datafield tag="700" ind1=" " ind2=" ">
<subfield code="a">Hauser, J.</subfield>
<subfield code="u">UCLA</subfield>
</datafield>
<datafield tag="700" ind1=" " ind2=" ">
<subfield code="a">Hays, Christopher Paul</subfield>
<subfield code="i">INSPIRE-00050513</subfield>
<subfield code="u">Oxford U.</subfield>
</datafield>
<datafield tag="700" ind1=" " ind2=" ">
<subfield code="a">Heck, M.</subfield>
<subfield code="i">INSPIRE-00024976</subfield>
<subfield code="u">Karlsruhe U., EKP</subfield>
</datafield>
<datafield tag="700" ind1=" " ind2=" ">
<subfield code="a">Heijboer, A.</subfield>
<subfield code="i">INSPIRE-00007953</subfield>
<subfield code="u">Pennsylvania U.</subfield>
</datafield>
<datafield tag="700" ind1=" " ind2=" ">
<subfield code="a">Heinemann, B.</subfield>
<subfield code="i">INSPIRE-00089482</subfield>
<subfield code="u">LBL, Berkeley</subfield>
</datafield>
<datafield tag="700" ind1=" " ind2=" ">
<subfield code="a">Heinrich, J.</subfield>
<subfield code="i">INSPIRE-00089515</subfield>
<subfield code="u">Pennsylvania U.</subfield>
</datafield>
<datafield tag="700" ind1=" " ind2=" ">
<subfield code="a">Henderson, Conor</subfield>
<subfield code="i">INSPIRE-00300082</subfield>
<subfield code="u">MIT</subfield>
</datafield>
<datafield tag="700" ind1=" " ind2=" ">
<subfield code="a">Herndon, Matthew Fairbanks</subfield>
<subfield code="i">INSPIRE-00089874</subfield>
<subfield code="u">Wisconsin U., Madison</subfield>
</datafield>
<datafield tag="700" ind1=" " ind2=" ">
<subfield code="a">Heuser, Joachim</subfield>
<subfield code="i">INSPIRE-00021533</subfield>
<subfield code="u">Karlsruhe U., EKP</subfield>
</datafield>
<datafield tag="700" ind1=" " ind2=" ">
<subfield code="a">Hewamanage, S.</subfield>
<subfield code="i">INSPIRE-00009454</subfield>
<subfield code="u">Baylor U.</subfield>
</datafield>
<datafield tag="700" ind1=" " ind2=" ">
<subfield code="a">Hidas, Dean Andrew</subfield>
<subfield code="i">INSPIRE-00046421</subfield>
<subfield code="u">Duke U.</subfield>
</datafield>
<datafield tag="700" ind1=" " ind2=" ">
<subfield code="a">Hill, C.S.</subfield>
<subfield code="i">INSPIRE-00056719</subfield>
<subfield code="u">UC, Santa Barbara</subfield>
</datafield>
<datafield tag="700" ind1=" " ind2=" ">
<subfield code="a">Hirschbuehl, D.</subfield>
<subfield code="i">INSPIRE-00041134</subfield>
<subfield code="u">Karlsruhe U., EKP</subfield>
</datafield>
<datafield tag="700" ind1=" " ind2=" ">
<subfield code="a">Hocker, James Andrew</subfield>
<subfield code="i">INSPIRE-00090528</subfield>
<subfield code="u">Fermilab</subfield>
</datafield>
<datafield tag="700" ind1=" " ind2=" ">
<subfield code="a">Hou, S.</subfield>
<subfield code="i">INSPIRE-00091198</subfield>
<subfield code="u">Taiwan, Inst. Phys.</subfield>
</datafield>
<datafield tag="700" ind1=" " ind2=" ">
<subfield code="a">Houlden, M.</subfield>
<subfield code="i">INSPIRE-00091236</subfield>
<subfield code="u">Liverpool U.</subfield>
</datafield>
<datafield tag="700" ind1=" " ind2=" ">
<subfield code="a">Hsu, S.C.</subfield>
<subfield code="i">INSPIRE-00041120</subfield>
<subfield code="u">UC, San Diego</subfield>
</datafield>
<datafield tag="700" ind1=" " ind2=" ">
<subfield code="a">Huffman, B.T.</subfield>
<subfield code="i">INSPIRE-00091505</subfield>
<subfield code="u">Oxford U.</subfield>
</datafield>
<datafield tag="700" ind1=" " ind2=" ">
<subfield code="a">Hughes, R.E.</subfield>
<subfield code="i">INSPIRE-00091560</subfield>
<subfield code="u">Ohio State U.</subfield>
</datafield>
<datafield tag="700" ind1=" " ind2=" ">
<subfield code="a">Husemann, U.</subfield>
<subfield code="i">INSPIRE-00091689</subfield>
<subfield code="u">Yale U.</subfield>
</datafield>
<datafield tag="700" ind1=" " ind2=" ">
<subfield code="a">Huston, J.</subfield>
<subfield code="i">INSPIRE-00091715</subfield>
<subfield code="u">Michigan State U.</subfield>
</datafield>
<datafield tag="700" ind1=" " ind2=" ">
<subfield code="a">Incandela, J.</subfield>
<subfield code="i">INSPIRE-00092167</subfield>
<subfield code="u">UC, Santa Barbara</subfield>
</datafield>
<datafield tag="700" ind1=" " ind2=" ">
<subfield code="a">Introzzi, G.</subfield>
<subfield code="i">INSPIRE-00092229</subfield>
<subfield code="u">Pisa U.</subfield>
</datafield>
<datafield tag="700" ind1=" " ind2=" ">
<subfield code="a">Iori, M.</subfield>
<subfield code="i">INSPIRE-00092261</subfield>
<subfield code="u">Rome U.</subfield>
</datafield>
<datafield tag="700" ind1=" " ind2=" ">
<subfield code="a">Ivanov, A.</subfield>
<subfield code="i">INSPIRE-00052500</subfield>
<subfield code="u">UC, Davis</subfield>
</datafield>
<datafield tag="700" ind1=" " ind2=" ">
<subfield code="a">James, E.</subfield>
<subfield code="i">INSPIRE-00093057</subfield>
<subfield code="u">Fermilab</subfield>
</datafield>
<datafield tag="700" ind1=" " ind2=" ">
<subfield code="a">Jayatilaka, B.</subfield>
<subfield code="i">INSPIRE-00052919</subfield>
<subfield code="u">Duke U.</subfield>
</datafield>
<datafield tag="700" ind1=" " ind2=" ">
<subfield code="a">Jeon, E.J.</subfield>
<subfield code="i">INSPIRE-00041097</subfield>
<subfield code="u">Kyungpook Natl. U.</subfield>
</datafield>
<datafield tag="700" ind1=" " ind2=" ">
<subfield code="a">Jha, M.K.</subfield>
<subfield code="i">INSPIRE-00007789</subfield>
<subfield code="u">Bologna U.</subfield>
</datafield>
<datafield tag="700" ind1=" " ind2=" ">
<subfield code="a">Jindariani, S.</subfield>
<subfield code="i">INSPIRE-00041085</subfield>
<subfield code="u">Fermilab</subfield>
</datafield>
<datafield tag="700" ind1=" " ind2=" ">
<subfield code="a">Johnson, W.</subfield>
<subfield code="i">INSPIRE-00009905</subfield>
<subfield code="u">UC, Davis</subfield>
</datafield>
<datafield tag="700" ind1=" " ind2=" ">
<subfield code="a">Jones, M.</subfield>
<subfield code="i">INSPIRE-00093828</subfield>
<subfield code="u">Purdue U.</subfield>
</datafield>
<datafield tag="700" ind1=" " ind2=" ">
<subfield code="a">Joo, K.K.</subfield>
<subfield code="i">INSPIRE-00041073</subfield>
<subfield code="u">Kyungpook Natl. U.</subfield>
</datafield>
<datafield tag="700" ind1=" " ind2=" ">
<subfield code="a">Jun, S.Y.</subfield>
<subfield code="i">INSPIRE-00094069</subfield>
<subfield code="u">Carnegie Mellon U.</subfield>
</datafield>
<datafield tag="700" ind1=" " ind2=" ">
<subfield code="a">Jung, J.E.</subfield>
<subfield code="i">INSPIRE-00030466</subfield>
<subfield code="u">Kyungpook Natl. U.</subfield>
</datafield>
<datafield tag="700" ind1=" " ind2=" ">
<subfield code="a">Junk, T.R.</subfield>
<subfield code="i">INSPIRE-00094115</subfield>
<subfield code="u">Fermilab</subfield>
</datafield>
<datafield tag="700" ind1=" " ind2=" ">
<subfield code="a">Kamon, T.</subfield>
<subfield code="i">INSPIRE-00094564</subfield>
<subfield code="u">Texas A-M</subfield>
</datafield>
<datafield tag="700" ind1=" " ind2=" ">
<subfield code="a">Kar, D.</subfield>
<subfield code="i">INSPIRE-00022031</subfield>
<subfield code="u">Florida U.</subfield>
</datafield>
<datafield tag="700" ind1=" " ind2=" ">
<subfield code="a">Karchin, P.E.</subfield>
<subfield code="i">INSPIRE-00094965</subfield>
<subfield code="u">Wayne State U.</subfield>
</datafield>
<datafield tag="700" ind1=" " ind2=" ">
<subfield code="a">Kato, Y.</subfield>
<subfield code="i">INSPIRE-00095181</subfield>
<subfield code="u">Osaka City U.</subfield>
</datafield>
<datafield tag="700" ind1=" " ind2=" ">
<subfield code="a">Kephart, R.</subfield>
<subfield code="i">INSPIRE-00095630</subfield>
<subfield code="u">Fermilab</subfield>
</datafield>
<datafield tag="700" ind1=" " ind2=" ">
<subfield code="a">Keung, J.</subfield>
<subfield code="i">INSPIRE-00021191</subfield>
<subfield code="u">Pennsylvania U.</subfield>
</datafield>
<datafield tag="700" ind1=" " ind2=" ">
<subfield code="a">Khotilovich, V.</subfield>
<subfield code="i">INSPIRE-00018394</subfield>
<subfield code="u">Texas A-M</subfield>
</datafield>
<datafield tag="700" ind1=" " ind2=" ">
<subfield code="a">Kilminster, B.</subfield>
<subfield code="i">INSPIRE-00096201</subfield>
<subfield code="u">Ohio State U.</subfield>
</datafield>
<datafield tag="700" ind1=" " ind2=" ">
<subfield code="a">Kim, D.H.</subfield>
<subfield code="i">INSPIRE-00096223</subfield>
<subfield code="u">Kyungpook Natl. U.</subfield>
</datafield>
<datafield tag="700" ind1=" " ind2=" ">
<subfield code="a">Kim, H.S.</subfield>
<subfield code="i">INSPIRE-00096259</subfield>
<subfield code="u">Kyungpook Natl. U.</subfield>
</datafield>
<datafield tag="700" ind1=" " ind2=" ">
<subfield code="a">Kim, J.E.</subfield>
<subfield code="i">INSPIRE-00000135</subfield>
<subfield code="u">Kyungpook Natl. U.</subfield>
</datafield>
<datafield tag="700" ind1=" " ind2=" ">
<subfield code="a">Kim, M.J.</subfield>
<subfield code="i">INSPIRE-00096309</subfield>
<subfield code="u">Frascati</subfield>
</datafield>
<datafield tag="700" ind1=" " ind2=" ">
<subfield code="a">Kim, S.B.</subfield>
<subfield code="i">INSPIRE-00096336</subfield>
<subfield code="u">Kyungpook Natl. U.</subfield>
</datafield>
<datafield tag="700" ind1=" " ind2=" ">
<subfield code="a">Kim, S.H.</subfield>
<subfield code="i">INSPIRE-00019770</subfield>
<subfield code="u">Tsukuba U.</subfield>
</datafield>
<datafield tag="700" ind1=" " ind2=" ">
<subfield code="a">Kim, Y.K.</subfield>
<subfield code="i">INSPIRE-00096350</subfield>
<subfield code="u">Chicago U., EFI</subfield>
</datafield>
<datafield tag="700" ind1=" " ind2=" ">
<subfield code="a">Kimura, N.</subfield>
<subfield code="i">INSPIRE-00008600</subfield>
<subfield code="u">Tsukuba U.</subfield>
</datafield>
<datafield tag="700" ind1=" " ind2=" ">
<subfield code="a">Kirsch, L.</subfield>
<subfield code="i">INSPIRE-00096545</subfield>
<subfield code="u">Brandeis U.</subfield>
</datafield>
<datafield tag="700" ind1=" " ind2=" ">
<subfield code="a">Klimenko, S.</subfield>
<subfield code="i">INSPIRE-00096842</subfield>
<subfield code="u">Florida U.</subfield>
</datafield>
<datafield tag="700" ind1=" " ind2=" ">
<subfield code="a">Knuteson, B.</subfield>
<subfield code="i">INSPIRE-00097025</subfield>
<subfield code="u">MIT</subfield>
</datafield>
<datafield tag="700" ind1=" " ind2=" ">
<subfield code="a">Ko, B.R.</subfield>
<subfield code="i">INSPIRE-00050876</subfield>
<subfield code="u">Duke U.</subfield>
</datafield>
<datafield tag="700" ind1=" " ind2=" ">
<subfield code="a">Koay, S.A.</subfield>
<subfield code="i">INSPIRE-00023109</subfield>
<subfield code="u">UC, Santa Barbara</subfield>
</datafield>
<datafield tag="700" ind1=" " ind2=" ">
<subfield code="a">Kondo, K.</subfield>
<subfield code="i">INSPIRE-00097557</subfield>
<subfield code="u">Waseda U.</subfield>
</datafield>
<datafield tag="700" ind1=" " ind2=" ">
<subfield code="a">Kong, D.J.</subfield>
<subfield code="i">INSPIRE-00041051</subfield>
<subfield code="u">Kyungpook Natl. U.</subfield>
</datafield>
<datafield tag="700" ind1=" " ind2=" ">
<subfield code="a">Konigsberg, J.</subfield>
<subfield code="i">INSPIRE-00097609</subfield>
<subfield code="u">Florida U.</subfield>
</datafield>
<datafield tag="700" ind1=" " ind2=" ">
<subfield code="a">Korytov, A.</subfield>
<subfield code="i">INSPIRE-00097872</subfield>
<subfield code="u">Florida U.</subfield>
</datafield>
<datafield tag="700" ind1=" " ind2=" ">
<subfield code="a">Kotwal, A.V.</subfield>
<subfield code="i">INSPIRE-00097984</subfield>
<subfield code="u">Duke U.</subfield>
</datafield>
<datafield tag="700" ind1=" " ind2=" ">
<subfield code="a">Kreps, M.</subfield>
<subfield code="i">INSPIRE-00041048</subfield>
<subfield code="u">Karlsruhe U., EKP</subfield>
</datafield>
<datafield tag="700" ind1=" " ind2=" ">
<subfield code="a">Kroll, J.</subfield>
<subfield code="i">INSPIRE-00098670</subfield>
<subfield code="u">Pennsylvania U.</subfield>
</datafield>
<datafield tag="700" ind1=" " ind2=" ">
<subfield code="a">Krop, D.</subfield>
<subfield code="i">INSPIRE-00021548</subfield>
<subfield code="u">Chicago U., EFI</subfield>
</datafield>
<datafield tag="700" ind1=" " ind2=" ">
<subfield code="a">Krumnack, N.</subfield>
<subfield code="i">INSPIRE-00055045</subfield>
<subfield code="u">Baylor U.</subfield>
</datafield>
<datafield tag="700" ind1=" " ind2=" ">
<subfield code="a">Kruse, M.</subfield>
<subfield code="i">INSPIRE-00098798</subfield>
<subfield code="u">Duke U.</subfield>
</datafield>
<datafield tag="700" ind1=" " ind2=" ">
<subfield code="a">Krutelyov, V.</subfield>
<subfield code="i">INSPIRE-00049823</subfield>
<subfield code="u">UC, Santa Barbara</subfield>
</datafield>
<datafield tag="700" ind1=" " ind2=" ">
<subfield code="a">Kubo, T.</subfield>
<subfield code="i">INSPIRE-00006590</subfield>
<subfield code="u">Tsukuba U.</subfield>
</datafield>
<datafield tag="700" ind1=" " ind2=" ">
<subfield code="a">Kuhr, T.</subfield>
<subfield code="i">INSPIRE-00030450</subfield>
<subfield code="u">Karlsruhe U., EKP</subfield>
</datafield>
<datafield tag="700" ind1=" " ind2=" ">
<subfield code="a">Kulkarni, N.P.</subfield>
<subfield code="i">INSPIRE-00024937</subfield>
<subfield code="u">Wayne State U.</subfield>
</datafield>
<datafield tag="700" ind1=" " ind2=" ">
<subfield code="a">Kurata, M.</subfield>
<subfield code="i">INSPIRE-00012191</subfield>
<subfield code="u">Tsukuba U.</subfield>
</datafield>
<datafield tag="700" ind1=" " ind2=" ">
<subfield code="a">Kusakabe, Y.</subfield>
<subfield code="i">INSPIRE-00041036</subfield>
<subfield code="u">Waseda U.</subfield>
</datafield>
<datafield tag="700" ind1=" " ind2=" ">
<subfield code="a">Kwang, S.</subfield>
<subfield code="i">INSPIRE-00018370</subfield>
<subfield code="u">Chicago U., EFI</subfield>
</datafield>
<datafield tag="700" ind1=" " ind2=" ">
<subfield code="a">Laasanen, A.T.</subfield>
<subfield code="i">INSPIRE-00099492</subfield>
<subfield code="u">Purdue U.</subfield>
</datafield>
<datafield tag="700" ind1=" " ind2=" ">
<subfield code="a">Lami, S.</subfield>
<subfield code="i">INSPIRE-00099761</subfield>
<subfield code="u">Pisa U.</subfield>
</datafield>
<datafield tag="700" ind1=" " ind2=" ">
<subfield code="a">Lammel, S.</subfield>
<subfield code="i">INSPIRE-00099781</subfield>
<subfield code="u">Fermilab</subfield>
</datafield>
<datafield tag="700" ind1=" " ind2=" ">
<subfield code="a">Lancaster, M.</subfield>
<subfield code="i">INSPIRE-00099803</subfield>
<subfield code="u">University Coll. London</subfield>
</datafield>
<datafield tag="700" ind1=" " ind2=" ">
<subfield code="a">Lander, R.L.</subfield>
<subfield code="i">INSPIRE-00099837</subfield>
<subfield code="u">UC, Davis</subfield>
</datafield>
<datafield tag="700" ind1=" " ind2=" ">
<subfield code="a">Lannon, K.</subfield>
<subfield code="i">INSPIRE-00054488</subfield>
<subfield code="u">Ohio State U.</subfield>
</datafield>
<datafield tag="700" ind1=" " ind2=" ">
<subfield code="a">Lath, A.</subfield>
<subfield code="i">INSPIRE-00100148</subfield>
<subfield code="u">Rutgers U., Piscataway</subfield>
</datafield>
<datafield tag="700" ind1=" " ind2=" ">
<subfield code="a">Latino, G.</subfield>
<subfield code="i">INSPIRE-00100151</subfield>
<subfield code="u">Pisa U.</subfield>
</datafield>
<datafield tag="700" ind1=" " ind2=" ">
<subfield code="a">Lazzizzera, I.</subfield>
<subfield code="i">INSPIRE-00100367</subfield>
<subfield code="u">Padua U.</subfield>
</datafield>
<datafield tag="700" ind1=" " ind2=" ">
<subfield code="a">LeCompte, T.</subfield>
<subfield code="i">INSPIRE-00100495</subfield>
<subfield code="u">Argonne, HEP</subfield>
</datafield>
<datafield tag="700" ind1=" " ind2=" ">
<subfield code="a">Lee, E.</subfield>
<subfield code="i">INSPIRE-00300149</subfield>
<subfield code="u">Texas A-M</subfield>
</datafield>
<datafield tag="700" ind1=" " ind2=" ">
<subfield code="a">Lee, S.W.</subfield>
<subfield code="i">INSPIRE-00100760</subfield>
<subfield code="u">Texas A-M</subfield>
</datafield>
<datafield tag="700" ind1=" " ind2=" ">
<subfield code="a">Leone, S.</subfield>
<subfield code="i">INSPIRE-00101163</subfield>
<subfield code="u">Pisa U.</subfield>
</datafield>
<datafield tag="700" ind1=" " ind2=" ">
<subfield code="a">Lewis, J.D.</subfield>
<subfield code="i">INSPIRE-00101520</subfield>
<subfield code="u">Fermilab</subfield>
</datafield>
<datafield tag="700" ind1=" " ind2=" ">
<subfield code="a">Lin, C.S.</subfield>
<subfield code="i">INSPIRE-00101888</subfield>
<subfield code="u">LBL, Berkeley</subfield>
</datafield>
<datafield tag="700" ind1=" " ind2=" ">
<subfield code="a">Linacre, J.</subfield>
<subfield code="i">INSPIRE-00009844</subfield>
<subfield code="u">Oxford U.</subfield>
</datafield>
<datafield tag="700" ind1=" " ind2=" ">
<subfield code="a">Lindgren, M.</subfield>
<subfield code="i">INSPIRE-00101962</subfield>
<subfield code="u">Fermilab</subfield>
</datafield>
<datafield tag="700" ind1=" " ind2=" ">
<subfield code="a">Lipeles, Elliot David</subfield>
<subfield code="i">INSPIRE-00102076</subfield>
<subfield code="u">UC, San Diego</subfield>
</datafield>
<datafield tag="700" ind1=" " ind2=" ">
<subfield code="a">Lister, A.</subfield>
<subfield code="i">INSPIRE-00149260</subfield>
<subfield code="u">UC, Davis</subfield>
</datafield>
<datafield tag="700" ind1=" " ind2=" ">
<subfield code="a">Litvintsev, D.O.</subfield>
<subfield code="i">INSPIRE-00102217</subfield>
<subfield code="u">Fermilab</subfield>
</datafield>
<datafield tag="700" ind1=" " ind2=" ">
<subfield code="a">Liu, C.</subfield>
<subfield code="i">INSPIRE-00000098</subfield>
<subfield code="u">Pittsburgh U.</subfield>
</datafield>
<datafield tag="700" ind1=" " ind2=" ">
<subfield code="a">Liu, T.</subfield>
<subfield code="i">INSPIRE-00102265</subfield>
<subfield code="u">Fermilab</subfield>
</datafield>
<datafield tag="700" ind1=" " ind2=" ">
<subfield code="a">Lockyer, N.S.</subfield>
<subfield code="i">INSPIRE-00102394</subfield>
<subfield code="u">Pennsylvania U.</subfield>
</datafield>
<datafield tag="700" ind1=" " ind2=" ">
<subfield code="a">Loginov, A.</subfield>
<subfield code="i">INSPIRE-00025442</subfield>
<subfield code="u">Yale U.</subfield>
</datafield>
<datafield tag="700" ind1=" " ind2=" ">
<subfield code="a">Loreti, M.</subfield>
<subfield code="i">INSPIRE-00102673</subfield>
<subfield code="u">Padua U.</subfield>
</datafield>
<datafield tag="700" ind1=" " ind2=" ">
<subfield code="a">Lovas, L.</subfield>
<subfield code="i">INSPIRE-00022020</subfield>
<subfield code="u">Comenius U.</subfield>
</datafield>
<datafield tag="700" ind1=" " ind2=" ">
<subfield code="a">Lu, R.S.</subfield>
<subfield code="u">Taiwan, Inst. Phys.</subfield>
</datafield>
<datafield tag="700" ind1=" " ind2=" ">
<subfield code="a">Lucchesi, D.</subfield>
<subfield code="i">INSPIRE-00102927</subfield>
<subfield code="u">Padua U.</subfield>
</datafield>
<datafield tag="700" ind1=" " ind2=" ">
<subfield code="a">Lueck, Jan</subfield>
<subfield code="i">INSPIRE-00048772</subfield>
<subfield code="u">Karlsruhe U., EKP</subfield>
</datafield>
<datafield tag="700" ind1=" " ind2=" ">
<subfield code="a">Luci, C.</subfield>
<subfield code="i">INSPIRE-00102930</subfield>
<subfield code="u">Rome U.</subfield>
</datafield>
<datafield tag="700" ind1=" " ind2=" ">
<subfield code="a">Lujan, P.</subfield>
<subfield code="i">INSPIRE-00018533</subfield>
<subfield code="u">LBL, Berkeley</subfield>
</datafield>
<datafield tag="700" ind1=" " ind2=" ">
<subfield code="a">Lukens, P.</subfield>
<subfield code="i">INSPIRE-00103032</subfield>
<subfield code="u">Fermilab</subfield>
</datafield>
<datafield tag="700" ind1=" " ind2=" ">
<subfield code="a">Lungu, G.</subfield>
<subfield code="i">INSPIRE-00041007</subfield>
<subfield code="u">Rockefeller U.</subfield>
</datafield>
<datafield tag="700" ind1=" " ind2=" ">
<subfield code="a">Lyons, L.</subfield>
<subfield code="i">INSPIRE-00103348</subfield>
<subfield code="u">Oxford U.</subfield>
</datafield>
<datafield tag="700" ind1=" " ind2=" ">
<subfield code="a">Lys, J.</subfield>
<subfield code="i">INSPIRE-00103363</subfield>
<subfield code="u">LBL, Berkeley</subfield>
</datafield>
<datafield tag="700" ind1=" " ind2=" ">
<subfield code="a">Lysak, R.</subfield>
<subfield code="i">INSPIRE-00040995</subfield>
<subfield code="u">Comenius U.</subfield>
</datafield>
<datafield tag="700" ind1=" " ind2=" ">
<subfield code="a">Lytken, E.</subfield>
<subfield code="u">Purdue U.</subfield>
</datafield>
<datafield tag="700" ind1=" " ind2=" ">
<subfield code="a">Mack, P.</subfield>
<subfield code="i">INSPIRE-00046775</subfield>
<subfield code="u">Karlsruhe U., EKP</subfield>
</datafield>
<datafield tag="700" ind1=" " ind2=" ">
<subfield code="a">MacQueen, Daniel</subfield>
<subfield code="i">INSPIRE-00040971</subfield>
<subfield code="u">McGill U.</subfield>
</datafield>
<datafield tag="700" ind1=" " ind2=" ">
<subfield code="a">Madrak, R.</subfield>
<subfield code="i">INSPIRE-00103653</subfield>
<subfield code="u">Fermilab</subfield>
</datafield>
<datafield tag="700" ind1=" " ind2=" ">
<subfield code="a">Maeshima, K.</subfield>
<subfield code="i">INSPIRE-00103694</subfield>
<subfield code="u">Fermilab</subfield>
</datafield>
<datafield tag="700" ind1=" " ind2=" ">
<subfield code="a">Makhoul, K.</subfield>
<subfield code="i">INSPIRE-00046461</subfield>
<subfield code="u">MIT</subfield>
</datafield>
<datafield tag="700" ind1=" " ind2=" ">
<subfield code="a">Maki, T.</subfield>
<subfield code="i">INSPIRE-00016662</subfield>
<subfield code="u">Helsinki Inst. of Phys.</subfield>
</datafield>
<datafield tag="700" ind1=" " ind2=" ">
<subfield code="a">Maksimovic, P.</subfield>
<subfield code="i">INSPIRE-00104092</subfield>
<subfield code="u">Johns Hopkins U.</subfield>
</datafield>
<datafield tag="700" ind1=" " ind2=" ">
<subfield code="a">Malde, S.</subfield>
<subfield code="i">INSPIRE-00040960</subfield>
<subfield code="u">Oxford U.</subfield>
</datafield>
<datafield tag="700" ind1=" " ind2=" ">
<subfield code="a">Malik, S.</subfield>
<subfield code="i">INSPIRE-00008612</subfield>
<subfield code="u">University Coll. London</subfield>
</datafield>
<datafield tag="700" ind1=" " ind2=" ">
<subfield code="a">Manca, G.</subfield>
<subfield code="i">INSPIRE-00057054</subfield>
<subfield code="u">Liverpool U.</subfield>
</datafield>
<datafield tag="700" ind1=" " ind2=" ">
<subfield code="a">Manousakis-Katsikakis, A.</subfield>
<subfield code="i">INSPIRE-00003884</subfield>
<subfield code="u">Athens U.</subfield>
</datafield>
<datafield tag="700" ind1=" " ind2=" ">
<subfield code="a">Margaroli, F.</subfield>
<subfield code="i">INSPIRE-00040958</subfield>
<subfield code="u">Purdue U.</subfield>
</datafield>
<datafield tag="700" ind1=" " ind2=" ">
<subfield code="a">Marino, C.</subfield>
<subfield code="i">INSPIRE-00030781</subfield>
<subfield code="u">Karlsruhe U., EKP</subfield>
</datafield>
<datafield tag="700" ind1=" " ind2=" ">
<subfield code="a">Marino, C.P.</subfield>
<subfield code="i">INSPIRE-00030781</subfield>
<subfield code="u">Illinois U., Urbana</subfield>
</datafield>
<datafield tag="700" ind1=" " ind2=" ">
<subfield code="a">Martin, A.</subfield>
<subfield code="i">INSPIRE-00105075</subfield>
<subfield code="u">Yale U.</subfield>
</datafield>
<datafield tag="700" ind1=" " ind2=" ">
<subfield code="a">Martin, V.</subfield>
<subfield code="i">INSPIRE-00105165</subfield>
<subfield code="u">Glasgow U.</subfield>
</datafield>
<datafield tag="700" ind1=" " ind2=" ">
<subfield code="a">Martinez, M.</subfield>
<subfield code="i">INSPIRE-00105204</subfield>
<subfield code="u">Barcelona, IFAE</subfield>
</datafield>
<datafield tag="700" ind1=" " ind2=" ">
<subfield code="a">Martinez-Ballarin, R.</subfield>
<subfield code="i">INSPIRE-00024861</subfield>
<subfield code="u">Madrid, CIEMAT</subfield>
</datafield>
<datafield tag="700" ind1=" " ind2=" ">
<subfield code="a">Maruyama, T.</subfield>
<subfield code="i">INSPIRE-00105360</subfield>
<subfield code="u">Tsukuba U.</subfield>
</datafield>
<datafield tag="700" ind1=" " ind2=" ">
<subfield code="a">Mastrandrea, Paolo</subfield>
<subfield code="i">INSPIRE-00030630</subfield>
<subfield code="u">Rome U.</subfield>
</datafield>
<datafield tag="700" ind1=" " ind2=" ">
<subfield code="a">Masubuchi, T.</subfield>
<subfield code="i">INSPIRE-00030446</subfield>
<subfield code="u">Tsukuba U.</subfield>
</datafield>
<datafield tag="700" ind1=" " ind2=" ">
<subfield code="a">Mattson, M.E.</subfield>
<subfield code="i">INSPIRE-00105871</subfield>
<subfield code="u">Wayne State U.</subfield>
</datafield>
<datafield tag="700" ind1=" " ind2=" ">
<subfield code="a">Mazzanti, P.</subfield>
<subfield code="i">INSPIRE-00106040</subfield>
<subfield code="u">Bologna U.</subfield>
</datafield>
<datafield tag="700" ind1=" " ind2=" ">
<subfield code="a">McFarland, Kevin Scott</subfield>
<subfield code="i">INSPIRE-00106219</subfield>
<subfield code="u">Rochester U.</subfield>
</datafield>
<datafield tag="700" ind1=" " ind2=" ">
<subfield code="a">McIntyre, P.</subfield>
<subfield code="i">INSPIRE-00106301</subfield>
<subfield code="u">Texas A-M</subfield>
</datafield>
<datafield tag="700" ind1=" " ind2=" ">
<subfield code="a">McNulty, R.</subfield>
<subfield code="i">INSPIRE-00106463</subfield>
<subfield code="u">Liverpool U.</subfield>
</datafield>
<datafield tag="700" ind1=" " ind2=" ">
<subfield code="a">Mehta, A.</subfield>
<subfield code="i">INSPIRE-00300183</subfield>
<subfield code="u">Liverpool U.</subfield>
</datafield>
<datafield tag="700" ind1=" " ind2=" ">
<subfield code="a">Mehtala, P.</subfield>
<subfield code="i">INSPIRE-00030434</subfield>
<subfield code="u">Helsinki Inst. of Phys.</subfield>
</datafield>
<datafield tag="700" ind1=" " ind2=" ">
<subfield code="a">Menzione, A.</subfield>
<subfield code="i">INSPIRE-00106934</subfield>
<subfield code="u">Pisa U.</subfield>
</datafield>
<datafield tag="700" ind1=" " ind2=" ">
<subfield code="a">Merkel, P.</subfield>
<subfield code="i">INSPIRE-00050378</subfield>
<subfield code="u">Purdue U.</subfield>
</datafield>
<datafield tag="700" ind1=" " ind2=" ">
<subfield code="a">Mesropian, C.</subfield>
<subfield code="i">INSPIRE-00107098</subfield>
<subfield code="u">Rockefeller U.</subfield>
</datafield>
<datafield tag="700" ind1=" " ind2=" ">
<subfield code="a">Miao, T.</subfield>
<subfield code="i">INSPIRE-00107355</subfield>
<subfield code="u">Fermilab</subfield>
</datafield>
<datafield tag="700" ind1=" " ind2=" ">
<subfield code="a">Miladinovic, N.</subfield>
<subfield code="i">INSPIRE-00005996</subfield>
<subfield code="u">Brandeis U.</subfield>
</datafield>
<datafield tag="700" ind1=" " ind2=" ">
<subfield code="a">Miller, R.</subfield>
<subfield code="i">INSPIRE-00107723</subfield>
<subfield code="u">Michigan State U.</subfield>
</datafield>
<datafield tag="700" ind1=" " ind2=" ">
<subfield code="a">Mills, C.</subfield>
<subfield code="i">INSPIRE-00019520</subfield>
<subfield code="u">Harvard U.</subfield>
</datafield>
<datafield tag="700" ind1=" " ind2=" ">
<subfield code="a">Milnik, M.</subfield>
<subfield code="i">INSPIRE-00046763</subfield>
<subfield code="u">Karlsruhe U., EKP</subfield>
</datafield>
<datafield tag="700" ind1=" " ind2=" ">
<subfield code="a">Mitra, A.</subfield>
<subfield code="i">INSPIRE-00008077</subfield>
<subfield code="u">Taiwan, Inst. Phys.</subfield>
</datafield>
<datafield tag="700" ind1=" " ind2=" ">
<subfield code="a">Mitselmakher, Guenakh</subfield>
<subfield code="i">INSPIRE-00108104</subfield>
<subfield code="u">Florida U.</subfield>
</datafield>
<datafield tag="700" ind1=" " ind2=" ">
<subfield code="a">Miyake, H.</subfield>
<subfield code="i">INSPIRE-00108140</subfield>
<subfield code="u">Tsukuba U.</subfield>
</datafield>
<datafield tag="700" ind1=" " ind2=" ">
<subfield code="a">Moggi, N.</subfield>
<subfield code="i">INSPIRE-00050739</subfield>
<subfield code="u">Bologna U.</subfield>
</datafield>
<datafield tag="700" ind1=" " ind2=" ">
<subfield code="a">Moon, Chang-Seong</subfield>
<subfield code="i">INSPIRE-00024851</subfield>
<subfield code="u">Kyungpook Natl. U.</subfield>
</datafield>
<datafield tag="700" ind1=" " ind2=" ">
<subfield code="a">Moore, R.</subfield>
<subfield code="i">INSPIRE-00108704</subfield>
<subfield code="u">Fermilab</subfield>
</datafield>
<datafield tag="700" ind1=" " ind2=" ">
<subfield code="a">Morello, M.J.</subfield>
<subfield code="i">INSPIRE-00016418</subfield>
<subfield code="u">Pisa U.</subfield>
</datafield>
<datafield tag="700" ind1=" " ind2=" ">
<subfield code="a">Morlock, J.</subfield>
<subfield code="i">INSPIRE-00012471</subfield>
<subfield code="u">Karlsruhe U., EKP</subfield>
</datafield>
<datafield tag="700" ind1=" " ind2=" ">
<subfield code="a">Movilla Fernandez, P.</subfield>
<subfield code="i">INSPIRE-00109338</subfield>
<subfield code="u">Fermilab</subfield>
</datafield>
<datafield tag="700" ind1=" " ind2=" ">
<subfield code="a">Mulmenstadt, J.</subfield>
<subfield code="i">INSPIRE-00028439</subfield>
<subfield code="u">LBL, Berkeley</subfield>
</datafield>
<datafield tag="700" ind1=" " ind2=" ">
<subfield code="a">Mukherjee, A.</subfield>
<subfield code="i">INSPIRE-00109540</subfield>
<subfield code="u">Fermilab</subfield>
</datafield>
<datafield tag="700" ind1=" " ind2=" ">
<subfield code="a">Muller, Th.</subfield>
<subfield code="i">INSPIRE-00109666</subfield>
<subfield code="u">Karlsruhe U., EKP</subfield>
</datafield>
<datafield tag="700" ind1=" " ind2=" ">
<subfield code="a">Mumford, R.</subfield>
<subfield code="i">INSPIRE-00037633</subfield>
<subfield code="u">Johns Hopkins U.</subfield>
</datafield>
<datafield tag="700" ind1=" " ind2=" ">
<subfield code="a">Murat, P.</subfield>
<subfield code="i">INSPIRE-00002098</subfield>
<subfield code="u">Fermilab</subfield>
</datafield>
<datafield tag="700" ind1=" " ind2=" ">
<subfield code="a">Mussini, M.</subfield>
<subfield code="i">INSPIRE-00024830</subfield>
<subfield code="u">Bologna U.</subfield>
</datafield>
<datafield tag="700" ind1=" " ind2=" ">
<subfield code="a">Nachtman, J.</subfield>
<subfield code="i">INSPIRE-00109954</subfield>
<subfield code="u">Fermilab</subfield>
</datafield>
<datafield tag="700" ind1=" " ind2=" ">
<subfield code="a">Nagai, Y.</subfield>
<subfield code="i">INSPIRE-00012203</subfield>
<subfield code="u">Tsukuba U.</subfield>
</datafield>
<datafield tag="700" ind1=" " ind2=" ">
<subfield code="a">Nagano, A.</subfield>
<subfield code="i">INSPIRE-00030410</subfield>
<subfield code="u">Tsukuba U.</subfield>
</datafield>
<datafield tag="700" ind1=" " ind2=" ">
<subfield code="a">Naganoma, J.</subfield>
<subfield code="i">INSPIRE-00040935</subfield>
<subfield code="u">Waseda U.</subfield>
</datafield>
<datafield tag="700" ind1=" " ind2=" ">
<subfield code="a">Nakamura, K.</subfield>
<subfield code="i">INSPIRE-00047824</subfield>
<subfield code="u">Tsukuba U.</subfield>
</datafield>
<datafield tag="700" ind1=" " ind2=" ">
<subfield code="a">Nakano, I.</subfield>
<subfield code="i">INSPIRE-00040923</subfield>
<subfield code="u">Okayama U.</subfield>
</datafield>
<datafield tag="700" ind1=" " ind2=" ">
<subfield code="a">Napier, A.</subfield>
<subfield code="i">INSPIRE-00110388</subfield>
<subfield code="u">Tufts U.</subfield>
</datafield>
<datafield tag="700" ind1=" " ind2=" ">
<subfield code="a">Necula, V.</subfield>
<subfield code="i">INSPIRE-00040911</subfield>
<subfield code="u">Duke U.</subfield>
</datafield>
<datafield tag="700" ind1=" " ind2=" ">
<subfield code="a">Neu, C.</subfield>
<subfield code="i">INSPIRE-00110970</subfield>
<subfield code="u">Pennsylvania U.</subfield>
</datafield>
<datafield tag="700" ind1=" " ind2=" ">
<subfield code="a">Neubauer, M.S.</subfield>
<subfield code="i">INSPIRE-00110982</subfield>
<subfield code="u">Illinois U., Urbana</subfield>
</datafield>
<datafield tag="700" ind1=" " ind2=" ">
<subfield code="a">Nielsen, J.</subfield>
<subfield code="i">INSPIRE-00111400</subfield>
<subfield code="u">LBL, Berkeley</subfield>
</datafield>
<datafield tag="700" ind1=" " ind2=" ">
<subfield code="a">Nodulman, L.</subfield>
<subfield code="i">INSPIRE-00111767</subfield>
<subfield code="u">Argonne, HEP</subfield>
</datafield>
<datafield tag="700" ind1=" " ind2=" ">
<subfield code="a">Norman, M.</subfield>
<subfield code="i">INSPIRE-00007332</subfield>
<subfield code="u">UC, San Diego</subfield>
</datafield>
<datafield tag="700" ind1=" " ind2=" ">
<subfield code="a">Norniella, O.</subfield>
<subfield code="i">INSPIRE-00046648</subfield>
<subfield code="u">Illinois U., Urbana</subfield>
</datafield>
<datafield tag="700" ind1=" " ind2=" ">
<subfield code="a">Nurse, E.</subfield>
<subfield code="i">INSPIRE-00052439</subfield>
<subfield code="u">University Coll. London</subfield>
</datafield>
<datafield tag="700" ind1=" " ind2=" ">
<subfield code="a">Oakes, L.</subfield>
<subfield code="i">INSPIRE-00018963</subfield>
<subfield code="u">Oxford U.</subfield>
</datafield>
<datafield tag="700" ind1=" " ind2=" ">
<subfield code="a">Oh, S.H.</subfield>
<subfield code="i">INSPIRE-00112667</subfield>
<subfield code="u">Duke U.</subfield>
</datafield>
<datafield tag="700" ind1=" " ind2=" ">
<subfield code="a">Oh, Y.D.</subfield>
<subfield code="i">INSPIRE-00003877</subfield>
<subfield code="u">Kyungpook Natl. U.</subfield>
</datafield>
<datafield tag="700" ind1=" " ind2=" ">
<subfield code="a">Oksuzian, I.</subfield>
<subfield code="i">INSPIRE-00006667</subfield>
<subfield code="u">Florida U.</subfield>
</datafield>
<datafield tag="700" ind1=" " ind2=" ">
<subfield code="a">Okusawa, T.</subfield>
<subfield code="i">INSPIRE-00112892</subfield>
<subfield code="u">Osaka City U.</subfield>
</datafield>
<datafield tag="700" ind1=" " ind2=" ">
<subfield code="a">Orava, R.</subfield>
<subfield code="i">INSPIRE-00113286</subfield>
<subfield code="u">Helsinki Inst. of Phys.</subfield>
</datafield>
<datafield tag="700" ind1=" " ind2=" ">
<subfield code="a">Osterberg, K.</subfield>
<subfield code="i">INSPIRE-00302534</subfield>
<subfield code="u">Helsinki Inst. of Phys.</subfield>
</datafield>
<datafield tag="700" ind1=" " ind2=" ">
<subfield code="a">Pagan Griso, S.</subfield>
<subfield code="i">INSPIRE-00022647</subfield>
<subfield code="u">Padua U.</subfield>
</datafield>
<datafield tag="700" ind1=" " ind2=" ">
<subfield code="a">Pagliarone, C.</subfield>
<subfield code="i">INSPIRE-00304689</subfield>
<subfield code="u">Pisa U.</subfield>
</datafield>
<datafield tag="700" ind1=" " ind2=" ">
<subfield code="a">Palencia, E.</subfield>
<subfield code="i">INSPIRE-00040891</subfield>
<subfield code="u">Fermilab</subfield>
</datafield>
<datafield tag="700" ind1=" " ind2=" ">
<subfield code="a">Papadimitriou, V.</subfield>
<subfield code="i">INSPIRE-00114423</subfield>
<subfield code="u">Fermilab</subfield>
</datafield>
<datafield tag="700" ind1=" " ind2=" ">
<subfield code="a">Papaikonomou, A.</subfield>
<subfield code="i">INSPIRE-00024809</subfield>
<subfield code="u">Karlsruhe U., EKP</subfield>
</datafield>
<datafield tag="700" ind1=" " ind2=" ">
<subfield code="a">Paramonov, A.A.</subfield>
<subfield code="i">INSPIRE-00040880</subfield>
<subfield code="u">Chicago U., EFI</subfield>
</datafield>
<datafield tag="700" ind1=" " ind2=" ">
<subfield code="a">Parks, B.</subfield>
<subfield code="i">INSPIRE-00009180</subfield>
<subfield code="u">Ohio State U.</subfield>
</datafield>
<datafield tag="700" ind1=" " ind2=" ">
<subfield code="a">Pashapour, S.</subfield>
<subfield code="i">INSPIRE-00040876</subfield>
<subfield code="u">McGill U.</subfield>
</datafield>
<datafield tag="700" ind1=" " ind2=" ">
<subfield code="a">Patrick, J.</subfield>
<subfield code="i">INSPIRE-00115083</subfield>
<subfield code="u">Fermilab</subfield>
</datafield>
<datafield tag="700" ind1=" " ind2=" ">
<subfield code="a">Pauletta, G.</subfield>
<subfield code="i">INSPIRE-00115172</subfield>
<subfield code="u">Trieste U.</subfield>
</datafield>
<datafield tag="700" ind1=" " ind2=" ">
<subfield code="a">Paulini, M.</subfield>
<subfield code="i">INSPIRE-00115182</subfield>
<subfield code="u">Carnegie Mellon U.</subfield>
</datafield>
<datafield tag="700" ind1=" " ind2=" ">
<subfield code="a">Paus, C.</subfield>
<subfield code="i">INSPIRE-00115190</subfield>
<subfield code="u">MIT</subfield>
</datafield>
<datafield tag="700" ind1=" " ind2=" ">
<subfield code="a">Peiffer, Th.</subfield>
<subfield code="i">INSPIRE-00012110</subfield>
<subfield code="u">Karlsruhe U., EKP</subfield>
</datafield>
<datafield tag="700" ind1=" " ind2=" ">
<subfield code="a">Pellett, David E.</subfield>
<subfield code="i">INSPIRE-00115429</subfield>
<subfield code="u">UC, Davis</subfield>
</datafield>
<datafield tag="700" ind1=" " ind2=" ">
<subfield code="a">Penzo, A.</subfield>
<subfield code="i">INSPIRE-00115500</subfield>
<subfield code="u">Trieste U.</subfield>
</datafield>
<datafield tag="700" ind1=" " ind2=" ">
<subfield code="a">Phillips, T.J.</subfield>
<subfield code="i">INSPIRE-00116206</subfield>
<subfield code="u">Duke U.</subfield>
</datafield>
<datafield tag="700" ind1=" " ind2=" ">
<subfield code="a">Piacentino, G.</subfield>
<subfield code="i">INSPIRE-00004814</subfield>
<subfield code="u">Pisa U.</subfield>
</datafield>
<datafield tag="700" ind1=" " ind2=" ">
<subfield code="a">Pianori, E.</subfield>
<subfield code="i">INSPIRE-00009958</subfield>
<subfield code="u">Pennsylvania U.</subfield>
</datafield>
<datafield tag="700" ind1=" " ind2=" ">
<subfield code="a">Pinera, L.</subfield>
<subfield code="i">INSPIRE-00040860</subfield>
<subfield code="u">Florida U.</subfield>
</datafield>
<datafield tag="700" ind1=" " ind2=" ">
<subfield code="a">Pitts, K.</subfield>
<subfield code="i">INSPIRE-00116753</subfield>
<subfield code="u">Illinois U., Urbana</subfield>
</datafield>
<datafield tag="700" ind1=" " ind2=" ">
<subfield code="a">Plager, C.</subfield>
<subfield code="i">INSPIRE-00116811</subfield>
<subfield code="u">UCLA</subfield>
</datafield>
<datafield tag="700" ind1=" " ind2=" ">
<subfield code="a">Pondrom, L.</subfield>
<subfield code="i">INSPIRE-00117205</subfield>
<subfield code="u">Wisconsin U., Madison</subfield>
</datafield>
<datafield tag="700" ind1=" " ind2=" ">
<subfield code="a">Poukhov, O.</subfield>
<subfield code="i">INSPIRE-00117463</subfield>
<subfield code="u">Dubna, JINR</subfield>
</datafield>
<datafield tag="700" ind1=" " ind2=" ">
<subfield code="a">Pounder, N.</subfield>
<subfield code="i">INSPIRE-00006155</subfield>
<subfield code="u">Oxford U.</subfield>
</datafield>
<datafield tag="700" ind1=" " ind2=" ">
<subfield code="a">Prakoshyn, F.</subfield>
<subfield code="i">INSPIRE-00030407</subfield>
<subfield code="u">Dubna, JINR</subfield>
</datafield>
<datafield tag="700" ind1=" " ind2=" ">
<subfield code="a">Pronko, A.</subfield>
<subfield code="i">INSPIRE-00049000</subfield>
<subfield code="u">Fermilab</subfield>
</datafield>
<datafield tag="700" ind1=" " ind2=" ">
<subfield code="a">Proudfoot, J.</subfield>
<subfield code="i">INSPIRE-00117915</subfield>
<subfield code="u">Argonne, HEP</subfield>
</datafield>
<datafield tag="700" ind1=" " ind2=" ">
<subfield code="a">Ptohos, F.</subfield>
<subfield code="i">INSPIRE-00117980</subfield>
<subfield code="u">Fermilab</subfield>
</datafield>
<datafield tag="700" ind1=" " ind2=" ">
<subfield code="a">Pueschel, E.</subfield>
<subfield code="i">INSPIRE-00047574</subfield>
<subfield code="u">Carnegie Mellon U.</subfield>
</datafield>
<datafield tag="700" ind1=" " ind2=" ">
<subfield code="a">Punzi, G.</subfield>
<subfield code="i">INSPIRE-00118078</subfield>
<subfield code="u">Pisa U.</subfield>
</datafield>
<datafield tag="700" ind1=" " ind2=" ">
<subfield code="a">Pursley, J.</subfield>
<subfield code="i">INSPIRE-00053937</subfield>
<subfield code="u">Wisconsin U., Madison</subfield>
</datafield>
<datafield tag="700" ind1=" " ind2=" ">
<subfield code="a">Rademacker, J.</subfield>
<subfield code="i">INSPIRE-00050460</subfield>
<subfield code="u">Oxford U.</subfield>
</datafield>
<datafield tag="700" ind1=" " ind2=" ">
<subfield code="a">Rahaman, A.</subfield>
<subfield code="i">INSPIRE-00032760</subfield>
<subfield code="u">Pittsburgh U.</subfield>
</datafield>
<datafield tag="700" ind1=" " ind2=" ">
<subfield code="a">Ramakrishnan, V.</subfield>
<subfield code="i">INSPIRE-00024751</subfield>
<subfield code="u">Wisconsin U., Madison</subfield>
</datafield>
<datafield tag="700" ind1=" " ind2=" ">
<subfield code="a">Ranjan, N.</subfield>
<subfield code="i">INSPIRE-00030395</subfield>
<subfield code="u">Purdue U.</subfield>
</datafield>
<datafield tag="700" ind1=" " ind2=" ">
<subfield code="a">Redondo, I.</subfield>
<subfield code="i">INSPIRE-00300251</subfield>
<subfield code="u">Madrid, CIEMAT</subfield>
</datafield>
<datafield tag="700" ind1=" " ind2=" ">
<subfield code="a">Reisert, B.</subfield>
<subfield code="u">Fermilab</subfield>
</datafield>
<datafield tag="700" ind1=" " ind2=" ">
<subfield code="a">Rekovic, V.</subfield>
<subfield code="i">INSPIRE-00040855</subfield>
<subfield code="u">New Mexico U.</subfield>
</datafield>
<datafield tag="700" ind1=" " ind2=" ">
<subfield code="a">Renton, P.</subfield>
<subfield code="i">INSPIRE-00119660</subfield>
<subfield code="u">Oxford U.</subfield>
</datafield>
<datafield tag="700" ind1=" " ind2=" ">
<subfield code="a">Rescigno, M.</subfield>
<subfield code="i">INSPIRE-00119727</subfield>
<subfield code="u">Rome U.</subfield>
</datafield>
<datafield tag="700" ind1=" " ind2=" ">
<subfield code="a">Richter, S.</subfield>
<subfield code="i">INSPIRE-00040843</subfield>
<subfield code="u">Karlsruhe U., EKP</subfield>
</datafield>
<datafield tag="700" ind1=" " ind2=" ">
<subfield code="a">Rimondi, F.</subfield>
<subfield code="i">INSPIRE-00120236</subfield>
<subfield code="u">Bologna U.</subfield>
</datafield>
<datafield tag="700" ind1=" " ind2=" ">
<subfield code="a">Ristori, L.</subfield>
<subfield code="i">INSPIRE-00040831</subfield>
<subfield code="u">Pisa U.</subfield>
</datafield>
<datafield tag="700" ind1=" " ind2=" ">
<subfield code="a">Robson, A.</subfield>
<subfield code="i">INSPIRE-00052951</subfield>
<subfield code="u">Glasgow U.</subfield>
</datafield>
<datafield tag="700" ind1=" " ind2=" ">
<subfield code="a">Rodrigo, T.</subfield>
<subfield code="i">INSPIRE-00050190</subfield>
<subfield code="u">Cantabria U., Santander</subfield>
</datafield>
<datafield tag="700" ind1=" " ind2=" ">
<subfield code="a">Rodriguez, T.</subfield>
<subfield code="i">INSPIRE-00046914</subfield>
<subfield code="u">Pennsylvania U.</subfield>
</datafield>
<datafield tag="700" ind1=" " ind2=" ">
<subfield code="a">Rogers, E.</subfield>
<subfield code="i">INSPIRE-00033912</subfield>
<subfield code="u">Illinois U., Urbana</subfield>
</datafield>
<datafield tag="700" ind1=" " ind2=" ">
<subfield code="a">Rolli, S.</subfield>
<subfield code="i">INSPIRE-00120949</subfield>
<subfield code="u">Tufts U.</subfield>
</datafield>
<datafield tag="700" ind1=" " ind2=" ">
<subfield code="a">Roser, R.</subfield>
<subfield code="i">INSPIRE-00121249</subfield>
<subfield code="u">Fermilab</subfield>
</datafield>
<datafield tag="700" ind1=" " ind2=" ">
<subfield code="a">Rossi, M.</subfield>
<subfield code="i">INSPIRE-00048671</subfield>
<subfield code="u">Trieste U.</subfield>
</datafield>
<datafield tag="700" ind1=" " ind2=" ">
<subfield code="a">Rossin, R.</subfield>
<subfield code="i">INSPIRE-00050955</subfield>
<subfield code="u">UC, Santa Barbara</subfield>
</datafield>
<datafield tag="700" ind1=" " ind2=" ">
<subfield code="a">Roy, P.</subfield>
<subfield code="i">INSPIRE-00306937</subfield>
<subfield code="u">McGill U.</subfield>
</datafield>
<datafield tag="700" ind1=" " ind2=" ">
<subfield code="a">Ruiz, A.</subfield>
<subfield code="i">INSPIRE-00121790</subfield>
<subfield code="u">Cantabria U., Santander</subfield>
</datafield>
<datafield tag="700" ind1=" " ind2=" ">
<subfield code="a">Russ, J.</subfield>
<subfield code="i">INSPIRE-00121950</subfield>
<subfield code="u">Carnegie Mellon U.</subfield>
</datafield>
<datafield tag="700" ind1=" " ind2=" ">
<subfield code="a">Rusu, V.</subfield>
<subfield code="i">INSPIRE-00054817</subfield>
<subfield code="u">Fermilab</subfield>
</datafield>
<datafield tag="700" ind1=" " ind2=" ">
<subfield code="a">Saarikko, H.</subfield>
<subfield code="i">INSPIRE-00306880</subfield>
<subfield code="u">Helsinki Inst. of Phys.</subfield>
</datafield>
<datafield tag="700" ind1=" " ind2=" ">
<subfield code="a">Safonov, A.</subfield>
<subfield code="i">INSPIRE-00122335</subfield>
<subfield code="u">Texas A-M</subfield>
</datafield>
<datafield tag="700" ind1=" " ind2=" ">
<subfield code="a">Sakumoto, W.K.</subfield>
<subfield code="i">INSPIRE-00122656</subfield>
<subfield code="u">Rochester U.</subfield>
</datafield>
<datafield tag="700" ind1=" " ind2=" ">
<subfield code="a">Salto, O.</subfield>
<subfield code="i">INSPIRE-00004015</subfield>
<subfield code="u">Barcelona, IFAE</subfield>
</datafield>
<datafield tag="700" ind1=" " ind2=" ">
<subfield code="a">Santi, L.</subfield>
<subfield code="i">INSPIRE-00123140</subfield>
<subfield code="u">Trieste U.</subfield>
</datafield>
<datafield tag="700" ind1=" " ind2=" ">
<subfield code="a">Sarkar, S.</subfield>
<subfield code="i">INSPIRE-00300217</subfield>
<subfield code="u">Rome U.</subfield>
</datafield>
<datafield tag="700" ind1=" " ind2=" ">
<subfield code="a">Sartori, L.</subfield>
<subfield code="i">INSPIRE-00040794</subfield>
<subfield code="u">Pisa U.</subfield>
</datafield>
<datafield tag="700" ind1=" " ind2=" ">
<subfield code="a">Sato, K.</subfield>
<subfield code="i">INSPIRE-00048967</subfield>
<subfield code="u">Fermilab</subfield>
</datafield>
<datafield tag="700" ind1=" " ind2=" ">
<subfield code="a">Savoy-Navarro, A.</subfield>
<subfield code="i">INSPIRE-00050058</subfield>
<subfield code="u">Paris U., VI-VII</subfield>
</datafield>
<datafield tag="700" ind1=" " ind2=" ">
<subfield code="a">Scheidle, T.</subfield>
<subfield code="u">Karlsruhe U., EKP</subfield>
</datafield>
<datafield tag="700" ind1=" " ind2=" ">
<subfield code="a">Schlabach, P.</subfield>
<subfield code="i">INSPIRE-00124075</subfield>
<subfield code="u">Fermilab</subfield>
</datafield>
<datafield tag="700" ind1=" " ind2=" ">
<subfield code="a">Schmidt, A.</subfield>
<subfield code="i">INSPIRE-00300228</subfield>
<subfield code="u">Karlsruhe U., EKP</subfield>
</datafield>
<datafield tag="700" ind1=" " ind2=" ">
<subfield code="a">Schmidt, Eugene E.</subfield>
<subfield code="i">INSPIRE-00124202</subfield>
<subfield code="u">Fermilab</subfield>
</datafield>
<datafield tag="700" ind1=" " ind2=" ">
<subfield code="a">Schmidt, M.A.</subfield>
<subfield code="i">INSPIRE-00022938</subfield>
<subfield code="u">Chicago U., EFI</subfield>
</datafield>
<datafield tag="700" ind1=" " ind2=" ">
<subfield code="a">Schmidt, M.P.</subfield>
<subfield code="i">INSPIRE-00124254</subfield>
<subfield code="u">Yale U.</subfield>
</datafield>
<datafield tag="700" ind1=" " ind2=" ">
<subfield code="a">Schmitt, M.</subfield>
<subfield code="i">INSPIRE-00124268</subfield>
<subfield code="u">Northwestern U.</subfield>
</datafield>
<datafield tag="700" ind1=" " ind2=" ">
<subfield code="a">Schwarz, T.</subfield>
<subfield code="i">INSPIRE-00025352</subfield>
<subfield code="u">UC, Davis</subfield>
</datafield>
<datafield tag="700" ind1=" " ind2=" ">
<subfield code="a">Scodellaro, L.</subfield>
<subfield code="i">INSPIRE-00050941</subfield>
<subfield code="u">Cantabria U., Santander</subfield>
</datafield>
<datafield tag="700" ind1=" " ind2=" ">
<subfield code="a">Scott, A.L.</subfield>
<subfield code="i">INSPIRE-00040786</subfield>
<subfield code="u">UC, Santa Barbara</subfield>
</datafield>
<datafield tag="700" ind1=" " ind2=" ">
<subfield code="a">Scribano, A.</subfield>
<subfield code="i">INSPIRE-00124862</subfield>
<subfield code="u">Pisa U.</subfield>
</datafield>
<datafield tag="700" ind1=" " ind2=" ">
<subfield code="a">Scuri, Fabrizio</subfield>
<subfield code="i">INSPIRE-00124895</subfield>
<subfield code="u">Pisa U.</subfield>
</datafield>
<datafield tag="700" ind1=" " ind2=" ">
<subfield code="a">Sedov, A.</subfield>
<subfield code="i">INSPIRE-00005252</subfield>
<subfield code="u">Purdue U.</subfield>
</datafield>
<datafield tag="700" ind1=" " ind2=" ">
<subfield code="a">Seidel, S.</subfield>
<subfield code="i">INSPIRE-00125002</subfield>
<subfield code="u">New Mexico U.</subfield>
</datafield>
<datafield tag="700" ind1=" " ind2=" ">
<subfield code="a">Seiya, Y.</subfield>
<subfield code="i">INSPIRE-00125059</subfield>
<subfield code="u">Osaka City U.</subfield>
</datafield>
<datafield tag="700" ind1=" " ind2=" ">
<subfield code="a">Semenov, A.</subfield>
<subfield code="i">INSPIRE-00300240</subfield>
<subfield code="u">Dubna, JINR</subfield>
</datafield>
<datafield tag="700" ind1=" " ind2=" ">
<subfield code="a">Sexton-Kennedy, L.</subfield>
<subfield code="i">INSPIRE-00125401</subfield>
<subfield code="u">Fermilab</subfield>
</datafield>
<datafield tag="700" ind1=" " ind2=" ">
<subfield code="a">Sfyrla, A.</subfield>
<subfield code="i">INSPIRE-00030383</subfield>
<subfield code="u">Geneva U.</subfield>
</datafield>
<datafield tag="700" ind1=" " ind2=" ">
<subfield code="a">Shalhout, S.Z.</subfield>
<subfield code="i">INSPIRE-00024697</subfield>
<subfield code="u">Wayne State U.</subfield>
</datafield>
<datafield tag="700" ind1=" " ind2=" ">
<subfield code="a">Shears, T.</subfield>
<subfield code="i">INSPIRE-00125751</subfield>
<subfield code="u">Liverpool U.</subfield>
</datafield>
<datafield tag="700" ind1=" " ind2=" ">
<subfield code="a">Shepard, P.F.</subfield>
<subfield code="i">INSPIRE-00125822</subfield>
<subfield code="u">Pittsburgh U.</subfield>
</datafield>
<datafield tag="700" ind1=" " ind2=" ">
<subfield code="a">Sherman, D.</subfield>
<subfield code="i">INSPIRE-00005888</subfield>
<subfield code="u">Harvard U.</subfield>
</datafield>
<datafield tag="700" ind1=" " ind2=" ">
<subfield code="a">Shimojima, M.</subfield>
<subfield code="i">INSPIRE-00050740</subfield>
<subfield code="u">Tsukuba U.</subfield>
</datafield>
<datafield tag="700" ind1=" " ind2=" ">
<subfield code="a">Shiraishi, S.</subfield>
<subfield code="i">INSPIRE-00036365</subfield>
<subfield code="u">Chicago U., EFI</subfield>
</datafield>
<datafield tag="700" ind1=" " ind2=" ">
<subfield code="a">Shochet, M.</subfield>
<subfield code="i">INSPIRE-00126064</subfield>
<subfield code="u">Chicago U., EFI</subfield>
</datafield>
<datafield tag="700" ind1=" " ind2=" ">
<subfield code="a">Shon, Y.</subfield>
<subfield code="i">INSPIRE-00018302</subfield>
<subfield code="u">Wisconsin U., Madison</subfield>
</datafield>
<datafield tag="700" ind1=" " ind2=" ">
<subfield code="a">Shreyber, I.</subfield>
<subfield code="i">INSPIRE-00040779</subfield>
<subfield code="u">Moscow, ITEP</subfield>
</datafield>
<datafield tag="700" ind1=" " ind2=" ">
<subfield code="a">Sidoti, A.</subfield>
<subfield code="i">INSPIRE-00040767</subfield>
<subfield code="u">Pisa U.</subfield>
</datafield>
<datafield tag="700" ind1=" " ind2=" ">
<subfield code="a">Sinervo, P.</subfield>
<subfield code="i">INSPIRE-00126695</subfield>
<subfield code="u">McGill U.</subfield>
</datafield>
<datafield tag="700" ind1=" " ind2=" ">
<subfield code="a">Sisakyan, A.</subfield>
<subfield code="i">INSPIRE-00003863</subfield>
<subfield code="u">Dubna, JINR</subfield>
</datafield>
<datafield tag="700" ind1=" " ind2=" ">
<subfield code="a">Slaughter, A.J.</subfield>
<subfield code="i">INSPIRE-00127068</subfield>
<subfield code="u">Fermilab</subfield>
</datafield>
<datafield tag="700" ind1=" " ind2=" ">
<subfield code="a">Slaunwhite, J.</subfield>
<subfield code="i">INSPIRE-00009535</subfield>
<subfield code="u">Ohio State U.</subfield>
</datafield>
<datafield tag="700" ind1=" " ind2=" ">
<subfield code="a">Sliwa, K.</subfield>
<subfield code="i">INSPIRE-00127092</subfield>
<subfield code="u">Tufts U.</subfield>
</datafield>
<datafield tag="700" ind1=" " ind2=" ">
<subfield code="a">Smith, J.R.</subfield>
<subfield code="i">INSPIRE-00127290</subfield>
<subfield code="u">UC, Davis</subfield>
</datafield>
<datafield tag="700" ind1=" " ind2=" ">
<subfield code="a">Snider, F.D.</subfield>
<subfield code="i">INSPIRE-00127382</subfield>
<subfield code="u">Fermilab</subfield>
</datafield>
<datafield tag="700" ind1=" " ind2=" ">
<subfield code="a">Snihur, R.</subfield>
<subfield code="i">INSPIRE-00127394</subfield>
<subfield code="u">McGill U.</subfield>
</datafield>
<datafield tag="700" ind1=" " ind2=" ">
<subfield code="a">Soha, A.</subfield>
<subfield code="i">INSPIRE-00054355</subfield>
<subfield code="u">UC, Davis</subfield>
</datafield>
<datafield tag="700" ind1=" " ind2=" ">
<subfield code="a">Somalwar, S.</subfield>
<subfield code="i">INSPIRE-00127733</subfield>
<subfield code="u">Rutgers U., Piscataway</subfield>
</datafield>
<datafield tag="700" ind1=" " ind2=" ">
<subfield code="a">Sorin, V.</subfield>
<subfield code="i">INSPIRE-00049169</subfield>
<subfield code="u">Michigan State U.</subfield>
</datafield>
<datafield tag="700" ind1=" " ind2=" ">
<subfield code="a">Spalding, J.</subfield>
<subfield code="i">INSPIRE-00128031</subfield>
<subfield code="u">Fermilab</subfield>
</datafield>
<datafield tag="700" ind1=" " ind2=" ">
<subfield code="a">Spreitzer, T.</subfield>
<subfield code="i">INSPIRE-00040743</subfield>
<subfield code="u">McGill U.</subfield>
</datafield>
<datafield tag="700" ind1=" " ind2=" ">
<subfield code="a">Squillacioti, P.</subfield>
<subfield code="i">INSPIRE-00047030</subfield>
<subfield code="u">Pisa U.</subfield>
</datafield>
<datafield tag="700" ind1=" " ind2=" ">
<subfield code="a">Stanitzki, M.</subfield>
<subfield code="i">INSPIRE-00006638</subfield>
<subfield code="u">Yale U.</subfield>
</datafield>
<datafield tag="700" ind1=" " ind2=" ">
<subfield code="a">Denis, R.St.</subfield>
<subfield code="i">INSPIRE-00128281</subfield>
<subfield code="u">Glasgow U.</subfield>
</datafield>
<datafield tag="700" ind1=" " ind2=" ">
<subfield code="a">Stelzer, B.</subfield>
<subfield code="i">INSPIRE-00040738</subfield>
<subfield code="u">UCLA</subfield>
</datafield>
<datafield tag="700" ind1=" " ind2=" ">
<subfield code="a">Stelzer-Chilton, O.</subfield>
<subfield code="i">INSPIRE-00040726</subfield>
<subfield code="u">Oxford U.</subfield>
</datafield>
<datafield tag="700" ind1=" " ind2=" ">
<subfield code="a">Stentz, D.</subfield>
<subfield code="i">INSPIRE-00005352</subfield>
<subfield code="u">Northwestern U.</subfield>
</datafield>
<datafield tag="700" ind1=" " ind2=" ">
<subfield code="a">Strologas, J.</subfield>
<subfield code="i">INSPIRE-00129384</subfield>
<subfield code="u">New Mexico U.</subfield>
</datafield>
<datafield tag="700" ind1=" " ind2=" ">
<subfield code="a">Stuart, D.</subfield>
<subfield code="i">INSPIRE-00129447</subfield>
<subfield code="u">UC, Santa Barbara</subfield>
</datafield>
<datafield tag="700" ind1=" " ind2=" ">
<subfield code="a">Suh, J.S.</subfield>
<subfield code="i">INSPIRE-00040712</subfield>
<subfield code="u">Kyungpook Natl. U.</subfield>
</datafield>
<datafield tag="700" ind1=" " ind2=" ">
<subfield code="a">Sukhanov, A.</subfield>
<subfield code="i">INSPIRE-00129629</subfield>
<subfield code="u">Florida U.</subfield>
</datafield>
<datafield tag="700" ind1=" " ind2=" ">
<subfield code="a">Suslov, I.</subfield>
<subfield code="i">INSPIRE-00129846</subfield>
<subfield code="u">Dubna, JINR</subfield>
</datafield>
<datafield tag="700" ind1=" " ind2=" ">
<subfield code="a">Suzuki, T.</subfield>
<subfield code="i">INSPIRE-00129956</subfield>
<subfield code="u">Tsukuba U.</subfield>
</datafield>
<datafield tag="700" ind1=" " ind2=" ">
<subfield code="a">Taffard, A.</subfield>
<subfield code="i">INSPIRE-00054866</subfield>
<subfield code="u">Illinois U., Urbana</subfield>
</datafield>
<datafield tag="700" ind1=" " ind2=" ">
<subfield code="a">Takashima, R.</subfield>
<subfield code="i">INSPIRE-00130375</subfield>
<subfield code="u">Okayama U.</subfield>
</datafield>
<datafield tag="700" ind1=" " ind2=" ">
<subfield code="a">Takeuchi, Y.</subfield>
<subfield code="i">INSPIRE-00130468</subfield>
<subfield code="u">Tsukuba U.</subfield>
</datafield>
<datafield tag="700" ind1=" " ind2=" ">
<subfield code="a">Tanaka, R.</subfield>
<subfield code="i">INSPIRE-00130555</subfield>
<subfield code="u">Okayama U.</subfield>
</datafield>
<datafield tag="700" ind1=" " ind2=" ">
<subfield code="a">Tecchio, M.</subfield>
<subfield code="i">INSPIRE-00130929</subfield>
<subfield code="u">Michigan U.</subfield>
</datafield>
<datafield tag="700" ind1=" " ind2=" ">
<subfield code="a">Teng, P.K.</subfield>
<subfield code="i">INSPIRE-00040709</subfield>
<subfield code="u">Taiwan, Inst. Phys.</subfield>
</datafield>
<datafield tag="700" ind1=" " ind2=" ">
<subfield code="a">Terashi, K.</subfield>
<subfield code="i">INSPIRE-00131056</subfield>
<subfield code="u">Rockefeller U.</subfield>
</datafield>
<datafield tag="700" ind1=" " ind2=" ">
<subfield code="a">Thom, J.</subfield>
<subfield code="i">INSPIRE-00131258</subfield>
<subfield code="u">Fermilab</subfield>
</datafield>
<datafield tag="700" ind1=" " ind2=" ">
<subfield code="a">Thompson, A.S.</subfield>
<subfield code="i">INSPIRE-00131382</subfield>
<subfield code="u">Glasgow U.</subfield>
</datafield>
<datafield tag="700" ind1=" " ind2=" ">
<subfield code="a">Thompson, G.A.</subfield>
<subfield code="i">INSPIRE-00047562</subfield>
<subfield code="u">Illinois U., Urbana</subfield>
</datafield>
<datafield tag="700" ind1=" " ind2=" ">
<subfield code="a">Thomson, E.</subfield>
<subfield code="i">INSPIRE-00300284</subfield>
<subfield code="u">Pennsylvania U.</subfield>
</datafield>
<datafield tag="700" ind1=" " ind2=" ">
<subfield code="a">Tipton, P.</subfield>
<subfield code="i">INSPIRE-00131560</subfield>
<subfield code="u">Yale U.</subfield>
</datafield>
<datafield tag="700" ind1=" " ind2=" ">
<subfield code="a">Tiwari, V.</subfield>
<subfield code="i">INSPIRE-00040694</subfield>
<subfield code="u">Carnegie Mellon U.</subfield>
</datafield>
<datafield tag="700" ind1=" " ind2=" ">
<subfield code="a">Tkaczyk, S.</subfield>
<subfield code="i">INSPIRE-00131631</subfield>
<subfield code="u">Fermilab</subfield>
</datafield>
<datafield tag="700" ind1=" " ind2=" ">
<subfield code="a">Toback, D.</subfield>
<subfield code="i">INSPIRE-00131642</subfield>
<subfield code="u">Texas A-M</subfield>
</datafield>
<datafield tag="700" ind1=" " ind2=" ">
<subfield code="a">Tokar, S.</subfield>
<subfield code="i">INSPIRE-00131686</subfield>
<subfield code="u">Comenius U.</subfield>
</datafield>
<datafield tag="700" ind1=" " ind2=" ">
<subfield code="a">Tollefson, K.</subfield>
<subfield code="i">INSPIRE-00131715</subfield>
<subfield code="u">Michigan State U.</subfield>
</datafield>
<datafield tag="700" ind1=" " ind2=" ">
<subfield code="a">Tomura, T.</subfield>
<subfield code="i">INSPIRE-00047184</subfield>
<subfield code="u">Tsukuba U.</subfield>
</datafield>
<datafield tag="700" ind1=" " ind2=" ">
<subfield code="a">Tonelli, D.</subfield>
<subfield code="i">INSPIRE-00053184</subfield>
<subfield code="u">Fermilab</subfield>
</datafield>
<datafield tag="700" ind1=" " ind2=" ">
<subfield code="a">Torre, S.</subfield>
<subfield code="i">INSPIRE-00300295</subfield>
<subfield code="u">Frascati</subfield>
</datafield>
<datafield tag="700" ind1=" " ind2=" ">
<subfield code="a">Torretta, D.</subfield>
<subfield code="i">INSPIRE-00300206</subfield>
<subfield code="u">Fermilab</subfield>
</datafield>
<datafield tag="700" ind1=" " ind2=" ">
<subfield code="a">Totaro, P.</subfield>
<subfield code="i">INSPIRE-00018931</subfield>
<subfield code="u">Trieste U.</subfield>
</datafield>
<datafield tag="700" ind1=" " ind2=" ">
<subfield code="a">Tourneur, S.</subfield>
<subfield code="i">INSPIRE-00040682</subfield>
<subfield code="u">Paris U., VI-VII</subfield>
</datafield>
<datafield tag="700" ind1=" " ind2=" ">
<subfield code="a">Tu, Y.</subfield>
<subfield code="i">INSPIRE-00024619</subfield>
<subfield code="u">Pennsylvania U.</subfield>
</datafield>
<datafield tag="700" ind1=" " ind2=" ">
<subfield code="a">Turini, N.</subfield>
<subfield code="i">INSPIRE-00050752</subfield>
<subfield code="u">Pisa U.</subfield>
</datafield>
<datafield tag="700" ind1=" " ind2=" ">
<subfield code="a">Ukegawa, F.</subfield>
<subfield code="i">INSPIRE-00132910</subfield>
<subfield code="u">Tsukuba U.</subfield>
</datafield>
<datafield tag="700" ind1=" " ind2=" ">
<subfield code="a">Vallecorsa, S.</subfield>
<subfield code="i">INSPIRE-00040655</subfield>
<subfield code="u">Geneva U.</subfield>
</datafield>
<datafield tag="700" ind1=" " ind2=" ">
<subfield code="a">van Remortel, N.</subfield>
<subfield code="i">INSPIRE-00054416</subfield>
<subfield code="u">Helsinki Inst. of Phys.</subfield>
</datafield>
<datafield tag="700" ind1=" " ind2=" ">
<subfield code="a">Varganov, A.</subfield>
<subfield code="i">INSPIRE-00053462</subfield>
<subfield code="u">Michigan U.</subfield>
</datafield>
<datafield tag="700" ind1=" " ind2=" ">
<subfield code="a">Vataga, E.</subfield>
<subfield code="i">INSPIRE-00040643</subfield>
<subfield code="u">Pisa U.</subfield>
</datafield>
<datafield tag="700" ind1=" " ind2=" ">
<subfield code="a">Vazquez, F.</subfield>
<subfield code="i">INSPIRE-00020395</subfield>
<subfield code="u">Florida U.</subfield>
</datafield>
<datafield tag="700" ind1=" " ind2=" ">
<subfield code="a">Velev, G.</subfield>
<subfield code="i">INSPIRE-00133716</subfield>
<subfield code="u">Fermilab</subfield>
</datafield>
<datafield tag="700" ind1=" " ind2=" ">
<subfield code="a">Vellidis, C.</subfield>
<subfield code="i">INSPIRE-00022018</subfield>
<subfield code="u">Athens U.</subfield>
</datafield>
<datafield tag="700" ind1=" " ind2=" ">
<subfield code="a">Veszpremi, V.</subfield>
<subfield code="i">INSPIRE-00043437</subfield>
<subfield code="u">Purdue U.</subfield>
</datafield>
<datafield tag="700" ind1=" " ind2=" ">
<subfield code="a">Vidal, Miguel, 2</subfield>
<subfield code="i">INSPIRE-00015995</subfield>
<subfield code="u">Madrid, CIEMAT</subfield>
</datafield>
<datafield tag="700" ind1=" " ind2=" ">
<subfield code="a">Vidal, R.</subfield>
<subfield code="i">INSPIRE-00133906</subfield>
<subfield code="u">Fermilab</subfield>
</datafield>
<datafield tag="700" ind1=" " ind2=" ">
<subfield code="a">Vila, I.</subfield>
<subfield code="i">INSPIRE-00058799</subfield>
<subfield code="u">Cantabria U., Santander</subfield>
</datafield>
<datafield tag="700" ind1=" " ind2=" ">
<subfield code="a">Vilar, R.</subfield>
<subfield code="i">INSPIRE-00133945</subfield>
<subfield code="u">Cantabria U., Santander</subfield>
</datafield>
<datafield tag="700" ind1=" " ind2=" ">
<subfield code="a">Vine, T.</subfield>
<subfield code="i">INSPIRE-00040631</subfield>
<subfield code="u">University Coll. London</subfield>
</datafield>
<datafield tag="700" ind1=" " ind2=" ">
<subfield code="a">Vogel, M.</subfield>
<subfield code="i">INSPIRE-00009675</subfield>
<subfield code="u">New Mexico U.</subfield>
</datafield>
<datafield tag="700" ind1=" " ind2=" ">
<subfield code="a">Volobouev, I.</subfield>
<subfield code="i">INSPIRE-00134255</subfield>
<subfield code="u">LBL, Berkeley</subfield>
</datafield>
<datafield tag="700" ind1=" " ind2=" ">
<subfield code="a">Volpi, G.</subfield>
<subfield code="i">INSPIRE-00040623</subfield>
<subfield code="u">Pisa U.</subfield>
</datafield>
<datafield tag="700" ind1=" " ind2=" ">
<subfield code="a">Wuerthwein, Frank K.</subfield>
<subfield code="i">INSPIRE-00136858</subfield>
<subfield code="u">UC, San Diego</subfield>
</datafield>
<datafield tag="700" ind1=" " ind2=" ">
<subfield code="a">Wagner, P.</subfield>
<subfield code="i">INSPIRE-00052760</subfield>
<subfield code="u">Argonne, HEP</subfield>
</datafield>
<datafield tag="700" ind1=" " ind2=" ">
<subfield code="a">Wagner, R.G.</subfield>
<subfield code="i">INSPIRE-00134504</subfield>
<subfield code="u">Argonne, HEP</subfield>
</datafield>
<datafield tag="700" ind1=" " ind2=" ">
<subfield code="a">Wagner, R.L.</subfield>
<subfield code="i">INSPIRE-00134516</subfield>
<subfield code="u">Fermilab</subfield>
</datafield>
<datafield tag="700" ind1=" " ind2=" ">
<subfield code="a">Wagner-Kuhr, J.</subfield>
<subfield code="i">INSPIRE-00003851</subfield>
<subfield code="u">Karlsruhe U., EKP</subfield>
</datafield>
<datafield tag="700" ind1=" " ind2=" ">
<subfield code="a">Wagner, W.</subfield>
<subfield code="i">INSPIRE-00051400</subfield>
<subfield code="u">Karlsruhe U., EKP</subfield>
</datafield>
<datafield tag="700" ind1=" " ind2=" ">
<subfield code="a">Wakisaka, T.</subfield>
<subfield code="i">INSPIRE-00036341</subfield>
<subfield code="u">Osaka City U.</subfield>
</datafield>
<datafield tag="700" ind1=" " ind2=" ">
<subfield code="a">Wallny, R.</subfield>
<subfield code="i">INSPIRE-00040611</subfield>
<subfield code="u">UCLA</subfield>
</datafield>
<datafield tag="700" ind1=" " ind2=" ">
<subfield code="a">Wang, S.M.</subfield>
<subfield code="i">INSPIRE-00134900</subfield>
<subfield code="u">Taiwan, Inst. Phys.</subfield>
</datafield>
<datafield tag="700" ind1=" " ind2=" ">
<subfield code="a">Warburton, A.</subfield>
<subfield code="i">INSPIRE-00134957</subfield>
<subfield code="u">McGill U.</subfield>
</datafield>
<datafield tag="700" ind1=" " ind2=" ">
<subfield code="a">Waters, D.</subfield>
<subfield code="i">INSPIRE-00135080</subfield>
<subfield code="u">University Coll. London</subfield>
</datafield>
<datafield tag="700" ind1=" " ind2=" ">
<subfield code="a">Weinberger, M.</subfield>
<subfield code="i">INSPIRE-00005050</subfield>
<subfield code="u">Texas A-M</subfield>
</datafield>
<datafield tag="700" ind1=" " ind2=" ">
<subfield code="a">Weinelt, J.</subfield>
<subfield code="i">INSPIRE-00009850</subfield>
<subfield code="u">Karlsruhe U., EKP</subfield>
</datafield>
<datafield tag="700" ind1=" " ind2=" ">
<subfield code="a">Wester, William Carl, III</subfield>
<subfield code="i">INSPIRE-00135583</subfield>
<subfield code="u">Fermilab</subfield>
</datafield>
<datafield tag="700" ind1=" " ind2=" ">
<subfield code="a">Whitehouse, B.</subfield>
<subfield code="i">INSPIRE-00005311</subfield>
<subfield code="u">Tufts U.</subfield>
</datafield>
<datafield tag="700" ind1=" " ind2=" ">
<subfield code="a">Whiteson, D.</subfield>
<subfield code="i">INSPIRE-00054720</subfield>
<subfield code="u">Pennsylvania U.</subfield>
</datafield>
<datafield tag="700" ind1=" " ind2=" ">
<subfield code="a">Wicklund, A.B.</subfield>
<subfield code="i">INSPIRE-00135838</subfield>
<subfield code="u">Argonne, HEP</subfield>
</datafield>
<datafield tag="700" ind1=" " ind2=" ">
<subfield code="a">Wicklund, E.</subfield>
<subfield code="i">INSPIRE-00135841</subfield>
<subfield code="u">Fermilab</subfield>
</datafield>
<datafield tag="700" ind1=" " ind2=" ">
<subfield code="a">Williams, G.</subfield>
<subfield code="i">INSPIRE-00006506</subfield>
<subfield code="u">McGill U.</subfield>
</datafield>
<datafield tag="700" ind1=" " ind2=" ">
<subfield code="a">Williams, H.H.</subfield>
<subfield code="i">INSPIRE-00136066</subfield>
<subfield code="u">Pennsylvania U.</subfield>
</datafield>
<datafield tag="700" ind1=" " ind2=" ">
<subfield code="a">Wilson, P.</subfield>
<subfield code="i">INSPIRE-00136160</subfield>
<subfield code="u">Fermilab</subfield>
</datafield>
<datafield tag="700" ind1=" " ind2=" ">
<subfield code="a">Winer, B.L.</subfield>
<subfield code="i">INSPIRE-00136218</subfield>
<subfield code="u">Ohio State U.</subfield>
</datafield>
<datafield tag="700" ind1=" " ind2=" ">
<subfield code="a">Wittich, P.</subfield>
<subfield code="i">INSPIRE-00136393</subfield>
<subfield code="u">Fermilab</subfield>
</datafield>
<datafield tag="700" ind1=" " ind2=" ">
<subfield code="a">Wolbers, S.</subfield>
<subfield code="i">INSPIRE-00136433</subfield>
<subfield code="u">Fermilab</subfield>
</datafield>
<datafield tag="700" ind1=" " ind2=" ">
<subfield code="a">Wolfe, C.</subfield>
<subfield code="i">INSPIRE-00005134</subfield>
<subfield code="u">Chicago U., EFI</subfield>
</datafield>
<datafield tag="700" ind1=" " ind2=" ">
<subfield code="a">Wright, T.</subfield>
<subfield code="i">INSPIRE-00050660</subfield>
<subfield code="u">Michigan U.</subfield>
</datafield>
<datafield tag="700" ind1=" " ind2=" ">
<subfield code="a">Wu, X.</subfield>
<subfield code="i">INSPIRE-00306899</subfield>
<subfield code="u">Geneva U.</subfield>
</datafield>
<datafield tag="700" ind1=" " ind2=" ">
<subfield code="a">Wynne, S.M.</subfield>
<subfield code="i">INSPIRE-00040608</subfield>
<subfield code="u">Liverpool U.</subfield>
</datafield>
<datafield tag="700" ind1=" " ind2=" ">
<subfield code="a">Yagil, A.</subfield>
<subfield code="i">INSPIRE-00011400</subfield>
<subfield code="u">UC, San Diego</subfield>
</datafield>
<datafield tag="700" ind1=" " ind2=" ">
<subfield code="a">Yamamoto, K.</subfield>
<subfield code="i">INSPIRE-00137027</subfield>
<subfield code="u">Osaka City U.</subfield>
</datafield>
<datafield tag="700" ind1=" " ind2=" ">
<subfield code="a">Yamaoka, J.</subfield>
<subfield code="i">INSPIRE-00022497</subfield>
<subfield code="u">Rutgers U., Piscataway</subfield>
</datafield>
<datafield tag="700" ind1=" " ind2=" ">
<subfield code="a">Yang, U.K.</subfield>
<subfield code="i">INSPIRE-00137286</subfield>
<subfield code="u">Chicago U., EFI</subfield>
</datafield>
<datafield tag="700" ind1=" " ind2=" ">
<subfield code="a">Yang, Y.C.</subfield>
<subfield code="i">INSPIRE-00046512</subfield>
<subfield code="u">Kyungpook Natl. U.</subfield>
</datafield>
<datafield tag="700" ind1=" " ind2=" ">
<subfield code="a">Yao, W.M.</subfield>
<subfield code="i">INSPIRE-00137324</subfield>
<subfield code="u">LBL, Berkeley</subfield>
</datafield>
<datafield tag="700" ind1=" " ind2=" ">
<subfield code="a">Yeh, G.P.</subfield>
<subfield code="i">INSPIRE-00137427</subfield>
<subfield code="u">Fermilab</subfield>
</datafield>
<datafield tag="700" ind1=" " ind2=" ">
<subfield code="a">Yoh, J.</subfield>
<subfield code="i">INSPIRE-00137542</subfield>
<subfield code="u">Fermilab</subfield>
</datafield>
<datafield tag="700" ind1=" " ind2=" ">
<subfield code="a">Yorita, K.</subfield>
<subfield code="i">INSPIRE-00048979</subfield>
<subfield code="u">Chicago U., EFI</subfield>
</datafield>
<datafield tag="700" ind1=" " ind2=" ">
<subfield code="a">Yoshida, T.</subfield>
<subfield code="i">INSPIRE-00137621</subfield>
<subfield code="u">Osaka City U.</subfield>
</datafield>
<datafield tag="700" ind1=" " ind2=" ">
<subfield code="a">Yu, G.B.</subfield>
<subfield code="i">INSPIRE-00047046</subfield>
<subfield code="u">Rochester U.</subfield>
</datafield>
<datafield tag="700" ind1=" " ind2=" ">
<subfield code="a">Yu, I.</subfield>
<subfield code="i">INSPIRE-00137737</subfield>
<subfield code="u">Kyungpook Natl. U.</subfield>
</datafield>
<datafield tag="700" ind1=" " ind2=" ">
<subfield code="a">Yu, S.S.</subfield>
<subfield code="i">INSPIRE-00053077</subfield>
<subfield code="u">Fermilab</subfield>
</datafield>
<datafield tag="700" ind1=" " ind2=" ">
<subfield code="a">Yun, J.C.</subfield>
<subfield code="i">INSPIRE-00137870</subfield>
<subfield code="u">Fermilab</subfield>
</datafield>
<datafield tag="700" ind1=" " ind2=" ">
<subfield code="a">Zanello, Lucia</subfield>
<subfield code="i">INSPIRE-00138085</subfield>
<subfield code="u">Rome U.</subfield>
</datafield>
<datafield tag="700" ind1=" " ind2=" ">
<subfield code="a">Zanetti, A.</subfield>
<subfield code="i">INSPIRE-00138097</subfield>
<subfield code="u">Trieste U.</subfield>
</datafield>
<datafield tag="700" ind1=" " ind2=" ">
<subfield code="a">Zaw, I.</subfield>
<subfield code="u">Harvard U.</subfield>
</datafield>
<datafield tag="700" ind1=" " ind2=" ">
<subfield code="a">Zhang, X.</subfield>
<subfield code="i">INSPIRE-00055935</subfield>
<subfield code="u">Illinois U., Urbana</subfield>
</datafield>
<datafield tag="700" ind1=" " ind2=" ">
<subfield code="a">Zheng, Y.</subfield>
<subfield code="i">INSPIRE-00138380</subfield>
<subfield code="u">UCLA</subfield>
</datafield>
<datafield tag="700" ind1=" " ind2=" ">
<subfield code="a">Zucchelli, S.</subfield>
<subfield code="i">INSPIRE-00040570</subfield>
<subfield code="u">Bologna U.</subfield>
</datafield>
<datafield tag="710" ind1=" " ind2=" ">
<subfield code="g">CDF Collaboration</subfield>
</datafield>
<datafield tag="773" ind1=" " ind2=" ">
<subfield code="c">202001</subfield>
<subfield code="p">Phys.Rev.Lett.</subfield>
<subfield code="v">101</subfield>
<subfield code="y">2008</subfield>
</datafield>
<datafield tag="856" ind1="4" ind2=" ">
<subfield code="u">http://lss.fnal.gov/cgi-bin/find_paper.pl?pub-08-171</subfield>
<subfield code="w">08-171</subfield>
<subfield code="y">FERMILABPUB</subfield>
</datafield>
<datafield tag="FFT" ind1=" " ind2=" ">
<subfield code="a">http://inspirehep.net/record/788356/files/afb_ppbar.png</subfield>
<subfield code="t">Plot</subfield>
<subfield code="d">00000 \small The two top quark production angle variables, $\cos\theta$ for the $\ppbar$ frame and ~$\Delta Y$ for the $\ttbar$ frame. The solid line is the prediction for $\ttbar$ with {\sc mc@nlo} model of the QCD induced charge asymmetry and $\sigma_{\ttbar}=8.2$ pb, plus the expected non-$\ttbar$ backgrounds. The dashed curve shows the prediction when $\ttbar$is reweighted according to the form $1 + \afb\cos\alpha$ using measured values of $\afb$.</subfield>
</datafield>
<datafield tag="FFT" ind1=" " ind2=" ">
<subfield code="a">http://inspirehep.net/record/788356/files/afb_ttbar.png</subfield>
<subfield code="t">Plot</subfield>
<subfield code="d">00001 \small The two top quark production angle variables, $\cos\theta$ for the $\ppbar$ frame and ~$\Delta Y$ for the $\ttbar$ frame. The solid line is the prediction for $\ttbar$ with {\sc mc@nlo} model of the QCD induced charge asymmetry and $\sigma_{\ttbar}=8.2$ pb, plus the expected non-$\ttbar$ backgrounds. The dashed curve shows the prediction when $\ttbar$is reweighted according to the form $1 + \afb\cos\alpha$ using measured values of $\afb$.</subfield>
</datafield>
<datafield tag="FFT" ind1=" " ind2=" ">
<subfield code="a">http://inspirehep.net/record/788356/files/arXiv%3A0806.2472.pdf</subfield>
<subfield code="t">arXiv</subfield>
</datafield>
<datafield tag="961" ind1=" " ind2=" ">
<subfield code="x">2008-06-17</subfield>
</datafield>
<datafield tag="961" ind1=" " ind2=" ">
<subfield code="c">2012-05-10</subfield>
</datafield>
<datafield tag="970" ind1=" " ind2=" ">
<subfield code="a">SPIRES-7789238</subfield>
</datafield>
<datafield tag="980" ind1=" " ind2=" ">
<subfield code="a">Published</subfield>
</datafield>
<datafield tag="980" ind1=" " ind2=" ">
<subfield code="a">arXiv</subfield>
</datafield>
<datafield tag="980" ind1=" " ind2=" ">
<subfield code="a">Citeable</subfield>
</datafield>
<datafield tag="980" ind1=" " ind2=" ">
<subfield code="a">CORE</subfield>
</datafield>
<datafield tag="980" ind1=" " ind2=" ">
<subfield code="a">HEP</subfield>
</datafield>
<datafield tag="999" ind1="C" ind2="5">
<subfield code="r">hep-ex/9503002</subfield>
<subfield code="s">Phys.Rev.Lett.,74,2626</subfield>
</datafield>
<datafield tag="999" ind1="C" ind2="5">
<subfield code="r">hep-ex/9503003</subfield>
<subfield code="s">Phys.Rev.Lett.,74,2632</subfield>
</datafield>
<datafield tag="999" ind1="C" ind2="5">
<subfield code="s">Phys.Rev.,D17,1706</subfield>
</datafield>
<datafield tag="999" ind1="C" ind2="5">
<subfield code="s">Phys.Rev.Lett.,3,242</subfield>
</datafield>
<datafield tag="999" ind1="C" ind2="5">
<subfield code="r">hep-ph/0303085</subfield>
<subfield code="s">JHEP,0404,068</subfield>
</datafield>
<datafield tag="999" ind1="C" ind2="5">
<subfield code="r">hep-ph/0308222</subfield>
<subfield code="s">Phys.Rev.,D68,114014</subfield>
</datafield>
<datafield tag="999" ind1="C" ind2="5">
<subfield code="r">hep-ph/9607207</subfield>
<subfield code="s">Phys.Lett.,B387,113</subfield>
</datafield>
<datafield tag="999" ind1="C" ind2="5">
<subfield code="s">Phys.Lett.,B190,157</subfield>
</datafield>
<datafield tag="999" ind1="C" ind2="5">
<subfield code="s">Phys.Lett.,B200,211</subfield>
</datafield>
<datafield tag="999" ind1="C" ind2="5">
<subfield code="r">arXiv:0709.0705</subfield>
<subfield code="s">Phys.Rev.Lett.,100,231801</subfield>
</datafield>
<datafield tag="999" ind1="C" ind2="5">
<subfield code="r">arXiv:0710.5335</subfield>
<subfield code="s">Phys.Rev.,D77,051102</subfield>
</datafield>
<datafield tag="999" ind1="C" ind2="5">
<subfield code="r">arXiv:0709.1652</subfield>
<subfield code="s">Phys.Rev.,D77,014003</subfield>
</datafield>
<datafield tag="999" ind1="C" ind2="5">
<subfield code="s">Nucl.Phys.,B63,381</subfield>
</datafield>
<datafield tag="999" ind1="C" ind2="5">
<subfield code="s">Phys.Rev.Lett.,43,1069</subfield>
</datafield>
<datafield tag="999" ind1="C" ind2="5">
<subfield code="s">Phys.Lett.,B195,74</subfield>
</datafield>
<datafield tag="999" ind1="C" ind2="5">
<subfield code="r">hep-ph/9802268</subfield>
<subfield code="s">Phys.Rev.Lett.,81,49</subfield>
</datafield>
<datafield tag="999" ind1="C" ind2="5">
<subfield code="r">hep-ph/9807420</subfield>
<subfield code="s">Phys.Rev.,D59,054017</subfield>
</datafield>
<datafield tag="999" ind1="C" ind2="5">
<subfield code="r">hep-ph/0509267</subfield>
<subfield code="s">Phys.Rev.,D73,014008</subfield>
</datafield>
<datafield tag="999" ind1="C" ind2="5">
<subfield code="r">hep-ph/0703120</subfield>
<subfield code="s">Phys.Rev.Lett.,98,262002</subfield>
</datafield>
<datafield tag="999" ind1="C" ind2="5">
<subfield code="r">hep-ph/0701166</subfield>
<subfield code="s">JHEP,0709,074</subfield>
</datafield>
<datafield tag="999" ind1="C" ind2="5">
<subfield code="r">arXiv:0805.1885</subfield>
<subfield code="s">Phys.Rev.,D78,014008</subfield>
</datafield>
<datafield tag="999" ind1="C" ind2="5">
<subfield code="r">hep-ex/0412071</subfield>
<subfield code="s">Phys.Rev.,D71,032001</subfield>
</datafield>
<datafield tag="999" ind1="C" ind2="5">
<subfield code="r">hep-ex/0510047</subfield>
<subfield code="s">Nucl.Instrum.Meth.,A566,375</subfield>
</datafield>
<datafield tag="999" ind1="C" ind2="5">
<subfield code="r">hep-ex/0410041</subfield>
<subfield code="s">Phys.Rev.,D71,052003</subfield>
</datafield>
<datafield tag="999" ind1="C" ind2="5">
<subfield code="r">hep-ph/0010017</subfield>
<subfield code="s">Comput.Phys.Commun.,135,238</subfield>
</datafield>
<datafield tag="999" ind1="C" ind2="5">
<subfield code="r">hep-ph/0011363</subfield>
<subfield code="s">JHEP,0101,010</subfield>
</datafield>
<datafield tag="999" ind1="C" ind2="5">
<subfield code="r">hep-ph/0204244</subfield>
<subfield code="s">JHEP,0206,029</subfield>
</datafield>
<datafield tag="999" ind1="C" ind2="5">
<subfield code="r">hep-ph/0305252</subfield>
<subfield code="s">JHEP,0308,007</subfield>
</datafield>
<datafield tag="999" ind1="C" ind2="5">
<subfield code="s">Nucl.Instrum.Meth.,A447,1</subfield>
</datafield>
<datafield tag="999" ind1="C" ind2="5">
<subfield code="r">hep-ex/0606017</subfield>
<subfield code="s">Phys.Rev.Lett.,97,082004</subfield>
</datafield>
<datafield tag="999" ind1="C" ind2="5">
<subfield code="r">hep-ex/0510049</subfield>
<subfield code="s">Phys.Rev.Lett.,96,022004</subfield>
</datafield>
<datafield tag="999" ind1="C" ind2="5">
<subfield code="r">hep-ex/0612011</subfield>
<subfield code="s">Phys.Rev.,D75,052001</subfield>
</datafield>
<datafield tag="999" ind1="C" ind2="5">
<subfield code="r">hep-ex/0607035</subfield>
<subfield code="s">Phys.Rev.,D74,072006</subfield>
</datafield>
<datafield tag="999" ind1="C" ind2="5">
<subfield code="s">Phys.Rev.,D16,2219</subfield>
</datafield>
<datafield tag="999" ind1="C" ind2="5">
<subfield code="r">hep-ex/0501023</subfield>
<subfield code="s">Phys.Rev.,D71,051104</subfield>
</datafield>
<datafield tag="999" ind1="C" ind2="5">
<subfield code="r">arXiv:0711.4044</subfield>
<subfield code="s">Phys.Rev.,D77,011108</subfield>
</datafield>
<datafield tag="999" ind1="C" ind2="5">
<subfield code="r">hep-ph/0206293</subfield>
<subfield code="s">JHEP,0307,001</subfield>
</datafield>
<datafield tag="999" ind1="C" ind2="5">
<subfield code="r">arXiv:0706.2334</subfield>
<subfield code="s">JHEP,0709,028</subfield>
</datafield>
<datafield tag="999" ind1="C" ind2="5">
<subfield code="r">arXiv:0712.0851</subfield>
<subfield code="s">Phys.Rev.Lett.,100,142002</subfield>
</datafield>
<datafield tag="999" ind1="C" ind2="5">
<subfield code="r">ARXIV:0805./1885/ARXIV:0805./1885/(2008)/ARXIV:0805./1885/--</subfield>
</datafield>
</record>