
<record>
  <datafield tag="970" ind1=" " ind2=" ">
    <subfield code="a">CONF-536504</subfield>
  </datafield>
  <datafield tag="111" ind1=" " ind2=" ">
    <subfield code="a">SCSC08: Strings and Cosmology Student Conference 2008</subfield>
    <subfield code="d">30-31 Oct 2008</subfield>
    <subfield code="x">2008-10-30</subfield>
    <subfield code="c">Paris, France</subfield>
    <subfield code="g">C08-10-30</subfield>
  </datafield>
  <datafield tag="270" ind1=" " ind2=" ">
    <subfield code="m">scscparis08@gmail.com</subfield>
  </datafield>
  <datafield tag="856" ind1="4" ind2=" ">
    <subfield code="u">http://scsc08.googlepages.com/home</subfield>
  </datafield>
  <datafield tag="980" ind1=" " ind2=" ">
    <subfield code="a">CONFERENCES</subfield>
  </datafield>
</record>