<record>
  <datafield tag="970" ind1=" " ind2=" ">
    <subfield code="a">CONF-483680</subfield>
  </datafield>
  <datafield tag="111" ind1=" " ind2=" ">
    <subfield code="a">Workshop on Nuclear Physics at JHF</subfield>
    <subfield code="d">13-14 May 2002</subfield>
    <subfield code="x">2002-05-13</subfield>
    <subfield code="c">Tsukuba, Japan</subfield>
    <subfield code="g">C02-05-13.2</subfield>
  </datafield>
  <datafield tag="711" ind1=" " ind2=" ">
    <subfield code="a">Japan Hadron Facility</subfield>
  </datafield>
  <datafield tag="773" ind1=" " ind2=" ">
    <subfield code="x">PPROCEEDINGS. Edited by A. Yoshinori, H. Tetsuo, O. Makoto. Tsukuba, KEK, 2002. 106p. (KEK proceedings 2002-13)</subfield>
  </datafield>
  <datafield tag="980" ind1=" " ind2=" ">
    <subfield code="a">CONFERENCES</subfield>
  </datafield>
</record>