<record>
  <datafield tag="970" ind1=" " ind2=" ">
    <subfield code="a">CONF-427411</subfield>
  </datafield>
  <datafield tag="111" ind1=" " ind2=" ">
    <subfield code="a">11th Potsdam Cosmology Workshop: Large Scale Structure in the Universe: Theoretical and Observational Aspects</subfield>
    <subfield code="d">18-24 Sep 1994</subfield>
    <subfield code="x">1994-09-18</subfield>
    <subfield code="c">Potsdam, Germany</subfield>
    <subfield code="g">C94-09-18</subfield>
  </datafield>
  <datafield tag="270" ind1=" " ind2=" ">
    <subfield code="m">potsw@aip.de</subfield>
  </datafield>
  <datafield tag="411" ind1=" " ind2=" ">
    <subfield code="n">11</subfield>
  </datafield>
  <datafield tag="980" ind1=" " ind2=" ">
    <subfield code="a">CONFERENCES</subfield>
  </datafield>
</record>