<record>
  <datafield tag="970" ind1=" " ind2=" ">
    <subfield code="a">CONF-445126</subfield>
  </datafield>
  <datafield tag="111" ind1=" " ind2=" ">
    <subfield code="a">LNF Spring School in Nuclear and Subnuclear Physics (Held Jointly with the 5th Eurodaphne Collaboration Meeting)</subfield>
    <subfield code="d">14-18 Apr 1997</subfield>
    <subfield code="x">1997-04-14</subfield>
    <subfield code="c">Frascati, Italy</subfield>
    <subfield code="g">C97-04-14.1</subfield>
  </datafield>
  <datafield tag="711" ind1=" " ind2=" ">
    <subfield code="a">Laboratori Nazionali di Frascati</subfield>
  </datafield>
  <datafield tag="270" ind1=" " ind2=" ">
    <subfield code="m">pancheri@lnf.infn.it</subfield>
  </datafield>
  <datafield tag="856" ind1="4" ind2=" ">
    <subfield code="u">http://www.lnf.infn.it/conference/lnfss/07/</subfield>
  </datafield>
  <datafield tag="411" ind1=" " ind2=" ">
    <subfield code="a">39-6-94032900</subfield>
  </datafield>
  <datafield tag="980" ind1=" " ind2=" ">
    <subfield code="a">CONFERENCES</subfield>
  </datafield>
</record>