<record>
  <datafield tag="970" ind1=" " ind2=" ">
    <subfield code="a">CONF-435902</subfield>
  </datafield>
  <datafield tag="111" ind1=" " ind2=" ">
    <subfield code="a">12th Hutsulian Workshop on Methods of Mathematical Physics</subfield>
    <subfield code="d">11-17 Sep 1995</subfield>
    <subfield code="x">1995-09-11</subfield>
    <subfield code="c">Rakhov, Ukraine</subfield>
    <subfield code="g">C95-09-11.4</subfield>
  </datafield>
  <datafield tag="411" ind1=" " ind2=" ">
    <subfield code="n">12</subfield>
  </datafield>
  <datafield tag="773" ind1=" " ind2=" ">
    <subfield code="x">PROCEEDINGS. Edited by S.S. Moskaliuk. Palm Harbor, Hadronic Pr., 1997. 437p.</subfield>
  </datafield>
  <datafield tag="980" ind1=" " ind2=" ">
    <subfield code="a">CONFERENCES</subfield>
  </datafield>
</record>