<record>
  <datafield tag="970" ind1=" " ind2=" ">
    <subfield code="a">CONF-414476</subfield>
  </datafield>
  <datafield tag="980" ind1=" " ind2=" ">
    <subfield code="a">CONFERENCES</subfield>
  </datafield>
  <datafield tag="980" ind1=" " ind2=" ">
    <subfield code="a">CORE</subfield>
  </datafield>
  <datafield tag="111" ind1=" " ind2=" ">
    <subfield code="a">20th Annual SLAC Summer Institute on Particle Physics: The Third Family and the Physics of Flavor (School: Jul 13-24, Topical Conference: Jul 22-24, Symposium on Tau Physics: Jul 24) (SSI 92)</subfield>
    <subfield code="d">13-24 Jul 1992</subfield>
    <subfield code="x">1992-07-13</subfield>
    <subfield code="c">Stanford, California</subfield>
    <subfield code="g">C92-07-13.1</subfield>
  </datafield>
  <datafield tag="411" ind1=" " ind2=" ">
    <subfield code="a">SSI</subfield>
    <subfield code="n">x</subfield>
  </datafield>
  <datafield tag="711" ind1=" " ind2=" ">
    <subfield code="a">1992 XX</subfield>
  </datafield>
  <datafield tag="500" ind1=" " ind2=" ">
    <subfield code="a">TEL: 415 926-2877</subfield>
  </datafield>
  <datafield tag="500" ind1=" " ind2=" ">
    <subfield code="a">FAX: 415 926-3587</subfield>
  </datafield>
  <datafield tag="500" ind1=" " ind2=" ">
    <subfield code="a">JANEH</subfield>
  </datafield>
  <datafield tag="773" ind1=" " ind2=" ">
    <subfield code="x">THE THIRD FAMILY AND THE PHYSICS OF FLAVOR: proceedings. Edited by Lilian Vassilian. Stanford, Calif., SLAC, 1993. 669p. (SLAC-412)</subfield>
  </datafield>
  <datafield tag="653" ind1="1" ind2=" ">
    <subfield code="a">SLAC</subfield>
  </datafield>
  <datafield tag="653" ind1="1" ind2=" ">
    <subfield code="a">SERIES-SSI</subfield>
  </datafield>
  <datafield tag="653" ind1="1" ind2=" ">
    <subfield code="a">CONFP</subfield>
  </datafield>
</record>