<record>
  <datafield tag="970" ind1=" " ind2=" ">
    <subfield code="a">CONF-8940</subfield>
  </datafield>
  <datafield tag="111" ind1=" " ind2=" ">
    <subfield code="a">A Meeting for Discussion: Geometrical Aspects of Theoretical Physics</subfield>
    <subfield code="d">22-24 Nov 1978</subfield>
    <subfield code="x">1978-11-22</subfield>
    <subfield code="c">Dublin, Ireland</subfield>
    <subfield code="g">C78-11-22</subfield>
  </datafield>
  <datafield tag="653" ind1="1" ind2=" ">
    <subfield code="a">GEOMETR. ASPECTS OF THEOR. PHYS.</subfield>
  </datafield>
  <datafield tag="653" ind1="1" ind2=" ">
    <subfield code="a">THEOR. PHYS., GEOMETR. ASPECTS</subfield>
  </datafield>
  <datafield tag="980" ind1=" " ind2=" ">
    <subfield code="a">CONFERENCES</subfield>
  </datafield>
</record>