<record>
  <datafield tag="970" ind1=" " ind2=" ">
    <subfield code="a">CONF-549827</subfield>
  </datafield>
  <datafield tag="111" ind1=" " ind2=" ">
    <subfield code="a">4th Progress in Nonequilibrium Green's Functions</subfield>
    <subfield code="d">17-21 Aug 2009</subfield>
    <subfield code="x">2009-08-17</subfield>
    <subfield code="c">Glasgow, Scotland</subfield>
    <subfield code="g">C09-08-17.8</subfield>
  </datafield>
  <datafield tag="711" ind1=" " ind2=" ">
    <subfield code="a">IV Greens PNGF 4</subfield>
  </datafield>
  <datafield tag="270" ind1=" " ind2=" ">
    <subfield code="m">cvso@glasgow.ac.uk</subfield>
  </datafield>
  <datafield tag="411" ind1=" " ind2=" ">
    <subfield code="n">4</subfield>
  </datafield>
  <datafield tag="773" ind1=" " ind2=" ">
    <subfield code="x">PROCEEDINGS. Edited by M. Bonitz, K. Balzer. Bristol, IOP, 2010. (J. Phys., Conf. Ser. 220 (2010) no pag.)</subfield>
  </datafield>
  <datafield tag="856" ind1="4" ind2=" ">
    <subfield code="u">http://www.elec.gla.ac.uk/pngf4/index.php</subfield>
  </datafield>
  <datafield tag="856" ind1="4" ind2=" ">
    <subfield code="u">http://iopscience.iop.org/1742-6596/220/1</subfield>
  </datafield>
  <datafield tag="980" ind1=" " ind2=" ">
    <subfield code="a">CONFERENCES</subfield>
  </datafield>
</record>