<record>
  <datafield tag="970" ind1=" " ind2=" ">
    <subfield code="a">CONF-505650</subfield>
  </datafield>
  <datafield tag="111" ind1=" " ind2=" ">
    <subfield code="a">36th Lunar and Planetary Science Conference (LPSC 2005)</subfield>
    <subfield code="d">14-18 Mar 2005</subfield>
    <subfield code="x">2005-03-14</subfield>
    <subfield code="c">League City, Texas</subfield>
    <subfield code="g">C05-03-14.4</subfield>
  </datafield>
  <datafield tag="711" ind1=" " ind2=" ">
    <subfield code="a">XXXVI XXXVIth</subfield>
  </datafield>
  <datafield tag="856" ind1="4" ind2=" ">
    <subfield code="u">http://www.lpi.usra.edu/meetings/lpsc2005/</subfield>
  </datafield>
  <datafield tag="980" ind1=" " ind2=" ">
    <subfield code="a">CONFERENCES</subfield>
  </datafield>
</record>