<record>
  <datafield tag="970" ind1=" " ind2=" ">
    <subfield code="a">CONF-489832</subfield>
  </datafield>
  <datafield tag="111" ind1=" " ind2=" ">
    <subfield code="a">International Conference on Quantum Transport and Quantum Coherence (Localization 2002)</subfield>
    <subfield code="d">16-19 Aug 2002</subfield>
    <subfield code="x">2002-08-16</subfield>
    <subfield code="c">Tokyo, Japan</subfield>
    <subfield code="g">C02-08-16</subfield>
  </datafield>
  <datafield tag="711" ind1=" " ind2=" ">
    <subfield code="a">localisation</subfield>
  </datafield>
  <datafield tag="270" ind1=" " ind2=" ">
    <subfield code="m">local@ph.sci.toho-u.ac.jp</subfield>
  </datafield>
  <datafield tag="856" ind1="4" ind2=" ">
    <subfield code="u">http://www.toho-u.ac.jp/english/cu_development/cu_development.html</subfield>
  </datafield>
  <datafield tag="980" ind1=" " ind2=" ">
    <subfield code="a">CONFERENCES</subfield>
  </datafield>
</record>