<record>
  <datafield tag="970" ind1=" " ind2=" ">
    <subfield code="a">CONF-427870</subfield>
  </datafield>
  <datafield tag="111" ind1=" " ind2=" ">
    <subfield code="a">Symposium on Nuclear and Particle Physics with Primary Beams of GeV Region</subfield>
    <subfield code="d">13-14 Mar 1995</subfield>
    <subfield code="x">1995-03-13</subfield>
    <subfield code="c">Tsukuba, Japan</subfield>
    <subfield code="g">C95-03-13.1</subfield>
  </datafield>
  <datafield tag="270" ind1=" " ind2=" ">
    <subfield code="m">chibaj@kekvax.kek.jp</subfield>
  </datafield>
  <datafield tag="980" ind1=" " ind2=" ">
    <subfield code="a">CONFERENCES</subfield>
  </datafield>
</record>