<record>
  <datafield tag="970" ind1=" " ind2=" ">
    <subfield code="a">CONF-481815</subfield>
  </datafield>
  <datafield tag="111" ind1=" " ind2=" ">
    <subfield code="a">5th Mexican School on Gravitation and Mathematical Physics: The Early Universe and Observational Cosmology (DGFM 2002)</subfield>
    <subfield code="d">24-29 Nov 2002</subfield>
    <subfield code="x">2002-11-24</subfield>
    <subfield code="c">Playa del Carmen, Quintana Roo, Mexico</subfield>
    <subfield code="g">C02-11-24</subfield>
  </datafield>
  <datafield tag="711" ind1=" " ind2=" ">
    <subfield code="a">fifth V</subfield>
  </datafield>
  <datafield tag="270" ind1=" " ind2=" ">
    <subfield code="m">nora@fis.cinvestav.mx or jorge@nuclear.inin.mx</subfield>
  </datafield>
  <datafield tag="411" ind1=" " ind2=" ">
    <subfield code="n">5</subfield>
  </datafield>
  <datafield tag="773" ind1=" " ind2=" ">
    <subfield code="x">THE EARLY UNIVERSE AND OBSERVATIONAL COSMOLOGY: Proceedings. Edited by N. Breton, J.L. Cervantes-Cota, M. Salgado. Berlin, Germany, Springer-Verlag, 2004. 468p. (Lecture Notes in Physics, Vol. 646)</subfield>
  </datafield>
  <datafield tag="856" ind1="4" ind2=" ">
    <subfield code="u">http://www.nuclecu.unam.mx/~gravit/main_v_escuela.html</subfield>
  </datafield>
  <datafield tag="980" ind1=" " ind2=" ">
    <subfield code="a">CONFERENCES</subfield>
  </datafield>
</record>