<record>
  <datafield tag="970" ind1=" " ind2=" ">
    <subfield code="a">CONF-443344</subfield>
  </datafield>
  <datafield tag="111" ind1=" " ind2=" ">
    <subfield code="a">1997 Joint APS / AAPT Meeting and CAM 97</subfield>
    <subfield code="d">18-21 Apr 1997</subfield>
    <subfield code="x">1997-04-18</subfield>
    <subfield code="c">Washington, D.C.</subfield>
    <subfield code="g">C97-04-18</subfield>
  </datafield>
  <datafield tag="856" ind1="4" ind2=" ">
    <subfield code="u">http://www.aps.org/meet/APR97/13206.html</subfield>
  </datafield>
  <datafield tag="980" ind1=" " ind2=" ">
    <subfield code="a">CONFERENCES</subfield>
  </datafield>
</record>