<record>
  <datafield tag="970" ind1=" " ind2=" ">
    <subfield code="a">CONF-512982</subfield>
  </datafield>
  <datafield tag="111" ind1=" " ind2=" ">
    <subfield code="a">Summer School on Effective Theories in Particle Physics</subfield>
    <subfield code="d">16-22 Jul 2006</subfield>
    <subfield code="x">2006-06-16</subfield>
    <subfield code="c">Zuoz, Switzerland</subfield>
    <subfield code="g">C06-06-16</subfield>
  </datafield>
  <datafield tag="270" ind1=" " ind2=" ">
    <subfield code="m">zuoz2006@psi.ch</subfield>
  </datafield>
  <datafield tag="856" ind1="4" ind2=" ">
    <subfield code="u">http://ltpth.web.psi.ch/zuoz2006/</subfield>
  </datafield>
  <datafield tag="980" ind1=" " ind2=" ">
    <subfield code="a">CONFERENCES</subfield>
  </datafield>
</record>