<record>
  <datafield tag="970" ind1=" " ind2=" ">
    <subfield code="a">CONF-514314</subfield>
  </datafield>
  <datafield tag="111" ind1=" " ind2=" ">
    <subfield code="a">4th Conference on Foundations of Probability and Physics</subfield>
    <subfield code="d">4-9 Jun 2006</subfield>
    <subfield code="x">2006-06-04</subfield>
    <subfield code="c">Vaxjo, Sweden</subfield>
    <subfield code="g">C06-06-04.1</subfield>
  </datafield>
  <datafield tag="711" ind1=" " ind2=" ">
    <subfield code="a">4</subfield>
  </datafield>
  <datafield tag="270" ind1=" " ind2=" ">
    <subfield code="m">cecilia.eriksson@msi.vxu.se.</subfield>
  </datafield>
  <datafield tag="411" ind1=" " ind2=" ">
    <subfield code="n">4</subfield>
  </datafield>
  <datafield tag="856" ind1="4" ind2=" ">
    <subfield code="u">http://www.vxu.se/msi/icmm/fpp4/</subfield>
  </datafield>
  <datafield tag="980" ind1=" " ind2=" ">
    <subfield code="a">CONFERENCES</subfield>
  </datafield>
</record>