<record>
  <datafield tag="970" ind1=" " ind2=" ">
    <subfield code="a">CONF-475866</subfield>
  </datafield>
  <datafield tag="111" ind1=" " ind2=" ">
    <subfield code="a">6th International Conference on Clifford Algebras and their Applications in Mathematical Physics</subfield>
    <subfield code="d">20-25 May 2002</subfield>
    <subfield code="x">2002-05-20</subfield>
    <subfield code="c">Cookeville, Tennessee</subfield>
    <subfield code="g">C02-05-20</subfield>
  </datafield>
  <datafield tag="270" ind1=" " ind2=" ">
    <subfield code="m">rablamowicz@tntech.edu or jryan@comp.uark.edu</subfield>
  </datafield>
  <datafield tag="411" ind1=" " ind2=" ">
    <subfield code="n">6</subfield>
  </datafield>
  <datafield tag="856" ind1="4" ind2=" ">
    <subfield code="u">http://math.tntech.edu/rafal/cookeville/cookeville.html</subfield>
  </datafield>
  <datafield tag="980" ind1=" " ind2=" ">
    <subfield code="a">CONFERENCES</subfield>
  </datafield>
</record>