<record>
  <datafield tag="970" ind1=" " ind2=" ">
    <subfield code="a">CONF-457779</subfield>
  </datafield>
  <datafield tag="111" ind1=" " ind2=" ">
    <subfield code="a">Workshop on Physics with High-Energy Real Photons</subfield>
    <subfield code="d">22 Apr 1998</subfield>
    <subfield code="x">1998-04-22</subfield>
    <subfield code="c">Grenoble, France</subfield>
    <subfield code="g">C98-04-22.1</subfield>
  </datafield>
  <datafield tag="711" ind1=" " ind2=" ">
    <subfield code="a">high energy</subfield>
  </datafield>
  <datafield tag="980" ind1=" " ind2=" ">
    <subfield code="a">CONFERENCES</subfield>
  </datafield>
</record>