<record>
  <datafield tag="970" ind1=" " ind2=" ">
    <subfield code="a">CONF-500151</subfield>
  </datafield>
  <datafield tag="111" ind1=" " ind2=" ">
    <subfield code="a">Taller de Atlas Energia (TAE 2004) (Spanish School on High Energy Physics)</subfield>
    <subfield code="d">13-24 Sep 2004</subfield>
    <subfield code="x">2004-09-13</subfield>
    <subfield code="c">Santiago de Compostela, Spain</subfield>
    <subfield code="g">C04-09-13.3</subfield>
  </datafield>
  <datafield tag="711" ind1=" " ind2=" ">
    <subfield code="a">high-energy workshop</subfield>
  </datafield>
  <datafield tag="270" ind1=" " ind2=" ">
    <subfield code="m">elena@fpaxp1.usc.es</subfield>
  </datafield>
  <datafield tag="856" ind1="4" ind2=" ">
    <subfield code="u">http://www-fp.usc.es/tae/</subfield>
  </datafield>
  <datafield tag="980" ind1=" " ind2=" ">
    <subfield code="a">CONFERENCES</subfield>
  </datafield>
</record>