<record>
  <datafield tag="970" ind1=" " ind2=" ">
    <subfield code="a">CONF-519537</subfield>
  </datafield>
  <datafield tag="111" ind1=" " ind2=" ">
    <subfield code="a">5th Workshop on Flavour in the Era of the LHC</subfield>
    <subfield code="d">26-28 Mar 2007</subfield>
    <subfield code="x">2007-03-26</subfield>
    <subfield code="c">Geneva, Switzerland</subfield>
    <subfield code="g">C07-03-26</subfield>
  </datafield>
  <datafield tag="711" ind1=" " ind2=" ">
    <subfield code="a">final flavor</subfield>
  </datafield>
  <datafield tag="270" ind1=" " ind2=" ">
    <subfield code="m">tobias.hurth@cern.ch</subfield>
  </datafield>
  <datafield tag="411" ind1=" " ind2=" ">
    <subfield code="n">5</subfield>
  </datafield>
  <datafield tag="773" ind1=" " ind2=" ">
    <subfield code="x">PROCEEDINGS. Edited by R. Fleischer, T. Hurth, M.L. Mangano. Berlin, Springer, 2008. (Eur. Phys. J. C57 (2008) 1-492)</subfield>
  </datafield>
  <datafield tag="856" ind1="4" ind2=" ">
    <subfield code="u">http://mlm.home.cern.ch/mlm/FlavLHC.html</subfield>
  </datafield>
  <datafield tag="856" ind1="4" ind2=" ">
    <subfield code="u">http://www.springerlink.com/content/w80671447711/</subfield>
  </datafield>
  <datafield tag="980" ind1=" " ind2=" ">
    <subfield code="a">CONFERENCES</subfield>
  </datafield>
</record>