<record>
  <datafield tag="970" ind1=" " ind2=" ">
    <subfield code="a">CONF-18856</subfield>
  </datafield>
  <datafield tag="111" ind1=" " ind2=" ">
    <subfield code="a">Workshop on Pion Production and Absorption in Nuclei</subfield>
    <subfield code="d">22-24 Oct 1981</subfield>
    <subfield code="x">1981-10-22</subfield>
    <subfield code="c">Bloomington, Indiana</subfield>
    <subfield code="g">C81-10-22.1</subfield>
  </datafield>
  <datafield tag="773" ind1=" " ind2=" ">
    <subfield code="x">PION PRODUCTION AND ABSORPTION IN NUCLEI - 1981 (INDIANA UNIVERSITY CYCLOTRON FACILITY): proceedings. Edited by Robert D. Bent. N.Y., Amer. Inst. Phys., 1982. 432p. (AIP Conference Proceedings, 79)</subfield>
  </datafield>
  <datafield tag="856" ind1="4" ind2=" ">
    <subfield code="u">http://proceedings.aip.org/proceedings/confproceed/79.jsp</subfield>
  </datafield>
  <datafield tag="653" ind1="1" ind2=" ">
    <subfield code="a">WORKSHOP: PION PRODUCTION 1981</subfield>
  </datafield>
  <datafield tag="653" ind1="1" ind2=" ">
    <subfield code="a">PION PRODUCTION: WORKSHOP 1981</subfield>
  </datafield>
  <datafield tag="980" ind1=" " ind2=" ">
    <subfield code="a">CONFERENCES</subfield>
  </datafield>
</record>