<record>
  <controlfield tag="005">20120413015359.0</controlfield>
  <datafield tag="046" ind1=" " ind2=" ">
    <subfield code="q">01/31/77</subfield>
  </datafield>
  <datafield tag="046" ind1=" " ind2=" ">
    <subfield code="r">1977-02-10</subfield>
  </datafield>
  <datafield tag="046" ind1=" " ind2=" ">
    <subfield code="t">1977-08-13</subfield>
  </datafield>
  <datafield tag="119" ind1=" " ind2=" ">
    <subfield code="a">FNAL-E-0536</subfield>
  </datafield>
  <datafield tag="245" ind1=" " ind2=" ">
    <subfield code="a">STUDY OF NEUTRINO INTERACTIONS IN NUCLEAR EMULSIONS</subfield>
  </datafield>
  <datafield tag="520" ind1=" " ind2=" ">
    <subfield code="a">Exposed two stacks. An experiment preliminary to FNAL-531 to develop effective methods for finding interaction vertices in the emulsion target.</subfield>
  </datafield>
  <datafield tag="700" ind1=" " ind2=" ">
    <subfield code="a">Fuchi, H.</subfield>
    <subfield code="a">Hoshimo, K.</subfield>
    <subfield code="a">Kusamata, S.</subfield>
    <subfield code="a">Niu, K.</subfield>
    <subfield code="a">Niwa, K.</subfield>
    <subfield code="a">Tasaka, S.</subfield>
    <subfield code="a">Yanagisawa, Y.</subfield>
    <subfield code="u">Nagoya U.</subfield>
  </datafield>
  <datafield tag="700" ind1=" " ind2=" ">
    <subfield code="a">Tasaka, S.</subfield>
    <subfield code="a">Ushida, N.</subfield>
    <subfield code="a">Yanagisawa, Y.</subfield>
    <subfield code="u">Aichi U. of Education</subfield>
  </datafield>
  <datafield tag="700" ind1=" " ind2=" ">
    <subfield code="a">Kimura, H.</subfield>
    <subfield code="a">Maeda, Y.</subfield>
    <subfield code="u">Yokohama National U.</subfield>
  </datafield>
  <datafield tag="700" ind1=" " ind2=" ">
    <subfield code="a">Kimura, H.</subfield>
    <subfield code="a">Maeda, Y.</subfield>
    <subfield code="u">Yokohama National U.</subfield>
  </datafield>
  <datafield tag="702" ind1=" " ind2=" ">
    <subfield code="a">Niu, K.</subfield>
    <subfield code="z">Current</subfield>
  </datafield>
  <datafield tag="970" ind1=" " ind2=" ">
    <subfield code="a">EXPERIMENT-9326</subfield>
  </datafield>
  <datafield tag="980" ind1=" " ind2=" ">
    <subfield code="a">EXPERIMENT</subfield>
  </datafield>
</record>