<record>
  <controlfield tag="005">20120502175658.0</controlfield>
  <datafield tag="046" ind1=" " ind2=" ">
    <subfield code="q">02/25/75</subfield>
  </datafield>
  <datafield tag="046" ind1=" " ind2=" ">
    <subfield code="r">1975-03-15</subfield>
  </datafield>
  <datafield tag="046" ind1=" " ind2=" ">
    <subfield code="s">1978-05-05</subfield>
  </datafield>
  <datafield tag="046" ind1=" " ind2=" ">
    <subfield code="t">1979-06</subfield>
  </datafield>
  <datafield tag="046" ind1=" " ind2=" ">
    <subfield code="x">yes</subfield>
  </datafield>
  <datafield tag="119" ind1=" " ind2=" ">
    <subfield code="a">SLAC-SP-024</subfield>
    <subfield code="u">SLAC</subfield>
  </datafield>
  <datafield tag="245" ind1=" " ind2=" ">
    <subfield code="a">A PROPOSAL FOR A LARGE SOLID ANGLE NEUTRAL DETECTOR FOR SPEAR 2 (THE CRYSTAL BALL)</subfield>
  </datafield>
  <datafield tag="520" ind1=" " ind2=" ">
    <subfield code="a">Physics of annihilation events with most or all of the energy in neutral particles. SLAC-SP-030 is the continuation of this experiment.</subfield>
  </datafield>
  <datafield tag="700" ind1=" " ind2=" ">
    <subfield code="a">Bloom, E.D.</subfield>
    <subfield code="a">Bulos, F.</subfield>
    <subfield code="a">Chestnut, R.</subfield>
    <subfield code="a">Gaiser, J.</subfield>
    <subfield code="a">Godfrey, G.</subfield>
    <subfield code="a">Kiesling, C.</subfield>
    <subfield code="a">Oreglia, M.</subfield>
    <subfield code="u">SLAC</subfield>
  </datafield>
  <datafield tag="700" ind1=" " ind2=" ">
    <subfield code="a">Hofstadter, R.</subfield>
    <subfield code="a">Kirkbride, I.</subfield>
    <subfield code="a">Kolanoski, H.</subfield>
    <subfield code="a">Liberman, A.D.</subfield>
    <subfield code="a">O'Reilly, J.</subfield>
    <subfield code="a">Tompkins, J.</subfield>
    <subfield code="u">Stanford U., HEPL</subfield>
  </datafield>
  <datafield tag="700" ind1=" " ind2=" ">
    <subfield code="a">Liberman, A.D.</subfield>
    <subfield code="a">O'Reilly, J.</subfield>
    <subfield code="a">Partridge, R.</subfield>
    <subfield code="a">Peck, C.</subfield>
    <subfield code="a">Porter, F.</subfield>
    <subfield code="a">Tompkins, J.</subfield>
    <subfield code="u">Caltech</subfield>
  </datafield>
  <datafield tag="700" ind1=" " ind2=" ">
    <subfield code="a">Kollmann, W.</subfield>
    <subfield code="a">Richardson, M.</subfield>
    <subfield code="a">Strauch, K.</subfield>
    <subfield code="u">Harvard U.</subfield>
  </datafield>
  <datafield tag="700" ind1=" " ind2=" ">
    <subfield code="a">Aschman, D.</subfield>
    <subfield code="a">Cavalli-Sforza, M.</subfield>
    <subfield code="a">Coyne, D.</subfield>
    <subfield code="a">Sadrozinski, H.</subfield>
    <subfield code="u">Princeton U.</subfield>
  </datafield>
  <datafield tag="702" ind1=" " ind2=" ">
    <subfield code="a">Bloom, E.D.</subfield>
    <subfield code="z">Current</subfield>
  </datafield>
  <datafield tag="970" ind1=" " ind2=" ">
    <subfield code="a">EXPERIMENT-7102</subfield>
  </datafield>
  <datafield tag="980" ind1=" " ind2=" ">
    <subfield code="a">EXPERIMENT</subfield>
  </datafield>
</record>