<record>
  <controlfield tag="005">20120502175628.0</controlfield>
  <datafield tag="046" ind1=" " ind2=" ">
    <subfield code="q">12/--/76</subfield>
  </datafield>
  <datafield tag="046" ind1=" " ind2=" ">
    <subfield code="r">1977-07</subfield>
  </datafield>
  <datafield tag="046" ind1=" " ind2=" ">
    <subfield code="s">1981-05</subfield>
  </datafield>
  <datafield tag="046" ind1=" " ind2=" ">
    <subfield code="t">1985</subfield>
  </datafield>
  <datafield tag="119" ind1=" " ind2=" ">
    <subfield code="a">SERPUKHOV-119</subfield>
    <subfield code="u">Serpukhov, IHEP</subfield>
  </datafield>
  <datafield tag="245" ind1=" " ind2=" ">
    <subfield code="a">RELATIVISTIC POSITRONIUM PHYSICS</subfield>
  </datafield>
  <datafield tag="270" ind1=" " ind2=" ">
    <subfield code="m">nemenov@nusun.jinr.dubna.su</subfield>
  </datafield>
  <datafield tag="419" ind1=" " ind2=" ">
    <subfield code="a">SERP-E-119</subfield>
  </datafield>
  <datafield tag="510" ind1=" " ind2=" ">
    <subfield code="a">SERPUKHOV-174</subfield>
  </datafield>
  <datafield tag="520" ind1=" " ind2=" ">
    <subfield code="a">A test of special relativity. Studies pi0 ---> gamma + positronium decay, positronium oscillations, and interactions of relativistic positronium with matter. Measures cross-section of positronium interactions with carbon. Ran for 800 hours.</subfield>
  </datafield>
  <datafield tag="700" ind1=" " ind2=" ">
    <subfield code="a">Afanasyev, L.G.</subfield>
    <subfield code="a">Alekseev, G.D.</subfield>
    <subfield code="a">Karpukhin, V.V.</subfield>
    <subfield code="a">Khazins, D.M.</subfield>
    <subfield code="a">Kruglov, V.V.</subfield>
    <subfield code="a">Kuptsov, A.V.</subfield>
    <subfield code="a">Nemenov, L.L.</subfield>
    <subfield code="a">Nikitin, M.V.</subfield>
    <subfield code="u">Dubna, JINR</subfield>
  </datafield>
  <datafield tag="700" ind1=" " ind2=" ">
    <subfield code="a">Gubrienko, K.I.</subfield>
    <subfield code="a">Kotov, V.I.</subfield>
    <subfield code="u">Serpukhov, IHEP</subfield>
  </datafield>
  <datafield tag="700" ind1=" " ind2=" ">
    <subfield code="a">Gorchakov, O.E.</subfield>
    <subfield code="a">Kulikov, A.V.</subfield>
    <subfield code="a">Trusov, S.V.</subfield>
    <subfield code="u">Moscow State U.</subfield>
  </datafield>
  <datafield tag="700" ind1=" " ind2=" ">
    <subfield code="a">Gorchakov, O.E.</subfield>
    <subfield code="a">Kulikov, A.V.</subfield>
    <subfield code="a">Trusov, S.V.</subfield>
    <subfield code="u">Moscow State U.</subfield>
  </datafield>
  <datafield tag="702" ind1=" " ind2=" ">
    <subfield code="a">Nemenov, L.L.</subfield>
    <subfield code="z">Current</subfield>
  </datafield>
  <datafield tag="970" ind1=" " ind2=" ">
    <subfield code="a">EXPERIMENT-8982</subfield>
  </datafield>
  <datafield tag="980" ind1=" " ind2=" ">
    <subfield code="a">EXPERIMENT</subfield>
  </datafield>
</record>