<record>
  <controlfield tag="005">20120502175141.0</controlfield>
  <datafield tag="046" ind1=" " ind2=" ">
    <subfield code="q">11/--/85</subfield>
  </datafield>
  <datafield tag="046" ind1=" " ind2=" ">
    <subfield code="t">1991-07</subfield>
  </datafield>
  <datafield tag="046" ind1=" " ind2=" ">
    <subfield code="x">yes</subfield>
  </datafield>
  <datafield tag="119" ind1=" " ind2=" ">
    <subfield code="a">IUCF-CE-03</subfield>
    <subfield code="u">Indiana U.</subfield>
  </datafield>
  <datafield tag="245" ind1=" " ind2=" ">
    <subfield code="a">KINEMATICALLY COMPLETE MEASUREMENTS OF P P --> P N PI+ NEAR THRESHOLD</subfield>
  </datafield>
  <datafield tag="270" ind1=" " ind2=" ">
    <subfield code="m">daehnick@vms.cis.pitt.edu</subfield>
  </datafield>
  <datafield tag="510" ind1=" " ind2=" ">
    <subfield code="a">IUCF-CE-38</subfield>
  </datafield>
  <datafield tag="520" ind1=" " ind2=" ">
    <subfield code="a">Measures the angular distribution and the total cross section. Uses a jet H2 target. Data analysis in the final phase (Jan 96).</subfield>
  </datafield>
  <datafield tag="700" ind1=" " ind2=" ">
    <subfield code="a">Daehnick, Wilfried W.</subfield>
    <subfield code="a">Dytman, S.A.</subfield>
    <subfield code="a">Li, P.C.</subfield>
    <subfield code="a">Reden, K.F. von</subfield>
    <subfield code="u">Pittsburgh U.</subfield>
  </datafield>
  <datafield tag="700" ind1=" " ind2=" ">
    <subfield code="a">Bland, L.</subfield>
    <subfield code="a">Jacobs, W.W.</subfield>
    <subfield code="u">Indiana U.</subfield>
  </datafield>
  <datafield tag="702" ind1=" " ind2=" ">
    <subfield code="a">Daehnick, Wilfried W.</subfield>
    <subfield code="z">Current</subfield>
  </datafield>
  <datafield tag="970" ind1=" " ind2=" ">
    <subfield code="a">EXPERIMENT-16241</subfield>
  </datafield>
  <datafield tag="980" ind1=" " ind2=" ">
    <subfield code="a">EXPERIMENT</subfield>
  </datafield>
</record>