<record>
  <controlfield tag="005">20120502175552.0</controlfield>
  <datafield tag="046" ind1=" " ind2=" ">
    <subfield code="q">05/17/78</subfield>
  </datafield>
  <datafield tag="046" ind1=" " ind2=" ">
    <subfield code="s">1979-05-17</subfield>
  </datafield>
  <datafield tag="046" ind1=" " ind2=" ">
    <subfield code="t">1980-03-28</subfield>
  </datafield>
  <datafield tag="046" ind1=" " ind2=" ">
    <subfield code="x">yes</subfield>
  </datafield>
  <datafield tag="119" ind1=" " ind2=" ">
    <subfield code="a">LAMPF-0385</subfield>
    <subfield code="u">Los Alamos</subfield>
  </datafield>
  <datafield tag="245" ind1=" " ind2=" ">
    <subfield code="a">MEASUREMENT OF THE POLARIZED P N ANALYZING POWER, A/Y(THETA), FROM 10-70 DEG THETA C.M.</subfield>
  </datafield>
  <datafield tag="700" ind1=" " ind2=" ">
    <subfield code="a">Amann, J.F.</subfield>
    <subfield code="a">Bonner, B.E.</subfield>
    <subfield code="a">Hoffmann, G.W.</subfield>
    <subfield code="a">McClelland, J.B.</subfield>
    <subfield code="u">Los Alamos</subfield>
  </datafield>
  <datafield tag="700" ind1=" " ind2=" ">
    <subfield code="a">Barlett, M.</subfield>
    <subfield code="a">Fergerson, R.</subfield>
    <subfield code="a">Hoistad, B.</subfield>
    <subfield code="a">Marshall, J.</subfield>
    <subfield code="a">McGill, J.A.</subfield>
    <subfield code="a">Milner, E.C.</subfield>
    <subfield code="a">Ray, L.</subfield>
    <subfield code="u">Texas U.</subfield>
  </datafield>
  <datafield tag="700" ind1=" " ind2=" ">
    <subfield code="a">Blanpied, G.S.</subfield>
    <subfield code="a">Fergerson, R.</subfield>
    <subfield code="a">Hoistad, B.</subfield>
    <subfield code="a">Marshall, J.</subfield>
    <subfield code="a">McGill, J.A.</subfield>
    <subfield code="a">Milner, E.C.</subfield>
    <subfield code="a">Ray, L.</subfield>
    <subfield code="u">South Carolina U.</subfield>
  </datafield>
  <datafield tag="702" ind1=" " ind2=" ">
    <subfield code="a">Hoffmann, G.W.</subfield>
    <subfield code="z">Current</subfield>
  </datafield>
  <datafield tag="970" ind1=" " ind2=" ">
    <subfield code="a">EXPERIMENT-10626</subfield>
  </datafield>
  <datafield tag="980" ind1=" " ind2=" ">
    <subfield code="a">EXPERIMENT</subfield>
  </datafield>
</record>