<record>
  <controlfield tag="005">20120413015408.0</controlfield>
  <datafield tag="046" ind1=" " ind2=" ">
    <subfield code="q">08/17/76</subfield>
  </datafield>
  <datafield tag="046" ind1=" " ind2=" ">
    <subfield code="r">1976-08-23</subfield>
  </datafield>
  <datafield tag="046" ind1=" " ind2=" ">
    <subfield code="t">1978-01-15</subfield>
  </datafield>
  <datafield tag="119" ind1=" " ind2=" ">
    <subfield code="a">FNAL-E-0506</subfield>
  </datafield>
  <datafield tag="245" ind1=" " ind2=" ">
    <subfield code="a">CASCADE SHOWERS ORIGINATED IN JET SHOWERS DUE TO NEGATIVE PIONS</subfield>
  </datafield>
  <datafield tag="520" ind1=" " ind2=" ">
    <subfield code="a">Exposed 2 stacks.</subfield>
  </datafield>
  <datafield tag="700" ind1=" " ind2=" ">
    <subfield code="a">Dake, S.</subfield>
    <subfield code="a">Ito, H.</subfield>
    <subfield code="a">Oda, H.</subfield>
    <subfield code="u">Kobe U.</subfield>
  </datafield>
  <datafield tag="700" ind1=" " ind2=" ">
    <subfield code="a">Munakata, H.</subfield>
    <subfield code="a">Nakanishi, Y.</subfield>
    <subfield code="a">Sakata, M.</subfield>
    <subfield code="a">Yamamoto, Y.</subfield>
    <subfield code="u">Konan U.</subfield>
  </datafield>
  <datafield tag="700" ind1=" " ind2=" ">
    <subfield code="a">Mizutani, K.</subfield>
    <subfield code="a">Nakanishi, Y.</subfield>
    <subfield code="a">Sakata, M.</subfield>
    <subfield code="a">Yamamoto, Y.</subfield>
    <subfield code="u">Saitama U.</subfield>
  </datafield>
  <datafield tag="700" ind1=" " ind2=" ">
    <subfield code="a">Kasahara, K.</subfield>
    <subfield code="a">Yuda, T.</subfield>
    <subfield code="u">Tokyo U., INS</subfield>
  </datafield>
  <datafield tag="700" ind1=" " ind2=" ">
    <subfield code="a">Ohta, I.</subfield>
    <subfield code="a">Yuda, T.</subfield>
    <subfield code="u">Utsunomiya U.</subfield>
  </datafield>
  <datafield tag="700" ind1=" " ind2=" ">
    <subfield code="a">Ohta, I.</subfield>
    <subfield code="u">Utsunomiya U.</subfield>
  </datafield>
  <datafield tag="702" ind1=" " ind2=" ">
    <subfield code="a">Dake, S.</subfield>
    <subfield code="z">Current</subfield>
  </datafield>
  <datafield tag="970" ind1=" " ind2=" ">
    <subfield code="a">EXPERIMENT-8761</subfield>
  </datafield>
  <datafield tag="980" ind1=" " ind2=" ">
    <subfield code="a">EXPERIMENT</subfield>
  </datafield>
</record>