<record>
  <controlfield tag="005">20120502175141.0</controlfield>
  <datafield tag="046" ind1=" " ind2=" ">
    <subfield code="q">11/--/85</subfield>
  </datafield>
  <datafield tag="046" ind1=" " ind2=" ">
    <subfield code="r">1985-02-09</subfield>
  </datafield>
  <datafield tag="046" ind1=" " ind2=" ">
    <subfield code="t">1986</subfield>
  </datafield>
  <datafield tag="046" ind1=" " ind2=" ">
    <subfield code="x">yes</subfield>
  </datafield>
  <datafield tag="119" ind1=" " ind2=" ">
    <subfield code="a">LAMPF-0985</subfield>
    <subfield code="u">Los Alamos</subfield>
  </datafield>
  <datafield tag="245" ind1=" " ind2=" ">
    <subfield code="a">SEARCH FOR MUONIUM-TO-ANTIMUONIUM SPONTANEOUS CONVERSION</subfield>
  </datafield>
  <datafield tag="520" ind1=" " ind2=" ">
    <subfield code="a">A search at a level of sensitivity of about 7.5 G-fermi for the conversion coupling constant (compared to a best so far of less than 42 G-fermi). Ran for 564 hours.</subfield>
  </datafield>
  <datafield tag="700" ind1=" " ind2=" ">
    <subfield code="a">Gladisch, M.</subfield>
    <subfield code="a">Putlitz, G. zu</subfield>
    <subfield code="u">Heidelberg U.</subfield>
  </datafield>
  <datafield tag="700" ind1=" " ind2=" ">
    <subfield code="a">Cooper, M.</subfield>
    <subfield code="a">Hoffman, C.</subfield>
    <subfield code="a">Hogan, G.</subfield>
    <subfield code="a">Mariam, F.</subfield>
    <subfield code="a">Mischke, R.</subfield>
    <subfield code="a">Piilonen, L.</subfield>
    <subfield code="a">Sandberg, V.</subfield>
    <subfield code="u">Los Alamos</subfield>
  </datafield>
  <datafield tag="700" ind1=" " ind2=" ">
    <subfield code="a">Eckhause, M.</subfield>
    <subfield code="a">Guss, P.</subfield>
    <subfield code="a">Kane, J.R.</subfield>
    <subfield code="u">William-Mary Coll.</subfield>
  </datafield>
  <datafield tag="700" ind1=" " ind2=" ">
    <subfield code="a">Arnold, K.P.</subfield>
    <subfield code="a">Chmely, F.</subfield>
    <subfield code="a">Hughes, V.W.</subfield>
    <subfield code="a">Kettell, S.</subfield>
    <subfield code="a">Kuang, Y.</subfield>
    <subfield code="a">Markey, J.</subfield>
    <subfield code="a">Matthias, B.</subfield>
    <subfield code="a">Ni, B.</subfield>
    <subfield code="a">Orth, H.</subfield>
    <subfield code="a">Schaefer, R.</subfield>
    <subfield code="a">Woodle, K.</subfield>
    <subfield code="u">Yale U.</subfield>
  </datafield>
  <datafield tag="700" ind1=" " ind2=" ">
    <subfield code="a">Chmely, F.</subfield>
    <subfield code="a">Hughes, V.W.</subfield>
    <subfield code="a">Reidy, J.J.</subfield>
    <subfield code="u">Mississippi U.</subfield>
  </datafield>
  <datafield tag="702" ind1=" " ind2=" ">
    <subfield code="a">Hughes, V.W.</subfield>
    <subfield code="z">Current</subfield>
  </datafield>
  <datafield tag="702" ind1=" " ind2=" ">
    <subfield code="a">Kane, J.R.</subfield>
    <subfield code="z">Current</subfield>
  </datafield>
  <datafield tag="702" ind1=" " ind2=" ">
    <subfield code="a">Orth, H.</subfield>
    <subfield code="z">Current</subfield>
  </datafield>
  <datafield tag="970" ind1=" " ind2=" ">
    <subfield code="a">EXPERIMENT-16250</subfield>
  </datafield>
  <datafield tag="980" ind1=" " ind2=" ">
    <subfield code="a">EXPERIMENT</subfield>
  </datafield>
</record>