<record>
  <controlfield tag="005">20120502174421.0</controlfield>
  <datafield tag="046" ind1=" " ind2=" ">
    <subfield code="t">9999</subfield>
  </datafield>
  <datafield tag="046" ind1=" " ind2=" ">
    <subfield code="x">yes</subfield>
  </datafield>
  <datafield tag="119" ind1=" " ind2=" ">
    <subfield code="a">SIMPLE</subfield>
    <subfield code="u">INFN, LNS</subfield>
  </datafield>
  <datafield tag="245" ind1=" " ind2=" ">
    <subfield code="a">The SIMPLE Experiment</subfield>
  </datafield>
  <datafield tag="372" ind1=" " ind2=" ">
    <subfield code="a">Micro-Beam Diagnostics</subfield>
  </datafield>
  <datafield tag="520" ind1=" " ind2=" ">
    <subfield code="a">Development of new beam diagnostic tools, in order to improve the technique of Deep Lithography with Protons and Ions. Production of micro-optical components suited for high bandwidth opto-electronics.</subfield>
  </datafield>
  <datafield tag="700" ind1=" " ind2=" ">
    <subfield code="u">Vrije U., Brussels</subfield>
  </datafield>
  <datafield tag="700" ind1=" " ind2=" ">
    <subfield code="u">INFN, LNS</subfield>
  </datafield>
  <datafield tag="856" ind1="4" ind2=" ">
    <subfield code="u">http://macserver.lns.infn.it/simple/index.html</subfield>
  </datafield>
  <datafield tag="970" ind1=" " ind2=" ">
    <subfield code="a">EXPERIMENT-23370</subfield>
  </datafield>
  <datafield tag="980" ind1=" " ind2=" ">
    <subfield code="a">EXPERIMENT</subfield>
  </datafield>
</record><record>
  <controlfield tag="005">20120502174413.0</controlfield>
  <datafield tag="119" ind1=" " ind2=" ">
    <subfield code="a">CERN-SC-065</subfield>
    <subfield code="u">CERN</subfield>
  </datafield>
  <datafield tag="700" ind1=" " ind2=" ">
    <subfield code="a">Niinikoski, Tapio Olavi</subfield>
    <subfield code="u">CERN</subfield>
  </datafield>
  <datafield tag="970" ind1=" " ind2=" ">
    <subfield code="a">EXPERIMENT-23582</subfield>
  </datafield>
  <datafield tag="980" ind1=" " ind2=" ">
    <subfield code="a">EXPERIMENT</subfield>
  </datafield>
</record>