<record>
  <controlfield tag="005">20120502175447.0</controlfield>
  <datafield tag="046" ind1=" " ind2=" ">
    <subfield code="q">05/01/81</subfield>
  </datafield>
  <datafield tag="046" ind1=" " ind2=" ">
    <subfield code="r">1981-05-16</subfield>
  </datafield>
  <datafield tag="046" ind1=" " ind2=" ">
    <subfield code="s">1982-04</subfield>
  </datafield>
  <datafield tag="046" ind1=" " ind2=" ">
    <subfield code="t">1988-12</subfield>
  </datafield>
  <datafield tag="046" ind1=" " ind2=" ">
    <subfield code="x">yes</subfield>
  </datafield>
  <datafield tag="119" ind1=" " ind2=" ">
    <subfield code="a">SLAC-SP-032</subfield>
    <subfield code="u">SLAC</subfield>
  </datafield>
  <datafield tag="245" ind1=" " ind2=" ">
    <subfield code="a">MARK-III AT SPEAR</subfield>
  </datafield>
  <datafield tag="419" ind1=" " ind2=" ">
    <subfield code="a">MARK-III</subfield>
  </datafield>
  <datafield tag="419" ind1=" " ind2=" ">
    <subfield code="a">SLAC-MARK-III</subfield>
  </datafield>
  <datafield tag="520" ind1=" " ind2=" ">
    <subfield code="a">MARK-III is a general purpose detector for the study of hadronic final states in e+ e- annihilation. It is optimized for the reconstruction of exclusive decays of charmed particles. The trigger chamber was replaced in 1986 by a new high resolution vertex detector. The physics program is focused on detailed studies of the J/psi system and higher psi states, D mesons (branching fractions, rare decays, mixing, dynamical features of decays), and the tau lepton.</subfield>
  </datafield>
  <datafield tag="700" ind1=" " ind2=" ">
    <subfield code="a">Dubois, Gregory P.</subfield>
    <subfield code="a">Eigen, Gerald</subfield>
    <subfield code="a">Hitlin, David G.</subfield>
    <subfield code="a">Matthews, Christopher</subfield>
    <subfield code="a">Weinstein, Alan</subfield>
    <subfield code="a">Wisniewski, William</subfield>
    <subfield code="u">Caltech</subfield>
  </datafield>
  <datafield tag="700" ind1=" " ind2=" ">
    <subfield code="a">Bunnell, Kirk O.</subfield>
    <subfield code="a">Cassell, Ronald E.</subfield>
    <subfield code="a">Coward, David H.</subfield>
    <subfield code="a">Labs, Jonathan</subfield>
    <subfield code="a">Odian, Allen C.</subfield>
    <subfield code="a">Schindler, Rafe H.</subfield>
    <subfield code="a">Toki, Walter H.</subfield>
    <subfield code="a">Villa, Francesco</subfield>
    <subfield code="u">SLAC</subfield>
  </datafield>
  <datafield tag="700" ind1=" " ind2=" ">
    <subfield code="a">Burchell, M.</subfield>
    <subfield code="a">Dorfan, D.</subfield>
    <subfield code="a">Heusch, Clemens A.</subfield>
    <subfield code="a">Lockman, William</subfield>
    <subfield code="a">Sadrozinski, Hartmut</subfield>
    <subfield code="a">Schalk, T.</subfield>
    <subfield code="a">Seiden, Abe</subfield>
    <subfield code="a">Xu, R.C.</subfield>
    <subfield code="u">UC, Santa Cruz</subfield>
  </datafield>
  <datafield tag="700" ind1=" " ind2=" ">
    <subfield code="a">Eisenstein, Bob I.</subfield>
    <subfield code="a">Gladding, Gary E.</subfield>
    <subfield code="a">Izen, Joseph</subfield>
    <subfield code="a">Stewart, Gay</subfield>
    <subfield code="u">Illinois U., Urbana</subfield>
  </datafield>
  <datafield tag="700" ind1=" " ind2=" ">
    <subfield code="a">Heusch, Clemens A.</subfield>
    <subfield code="a">Lockman, William</subfield>
    <subfield code="a">Mallik, Usha</subfield>
    <subfield code="a">Sadrozinski, Hartmut</subfield>
    <subfield code="a">Schalk, T.</subfield>
    <subfield code="a">Seiden, Abe</subfield>
    <subfield code="a">Wang, Min Zu</subfield>
    <subfield code="a">Xu, R.C.</subfield>
    <subfield code="u">Iowa U.</subfield>
  </datafield>
  <datafield tag="700" ind1=" " ind2=" ">
    <subfield code="a">Burnett, T.H.</subfield>
    <subfield code="a">Cook, V.</subfield>
    <subfield code="a">Li, Arla D.</subfield>
    <subfield code="a">Mockett, Paul</subfield>
    <subfield code="a">Parrish, Larry W.H.</subfield>
    <subfield code="u">Washington U., Seattle</subfield>
  </datafield>
  <datafield tag="702" ind1=" " ind2=" ">
    <subfield code="a">Schindler, Rafe H.</subfield>
    <subfield code="z">Current</subfield>
  </datafield>
  <datafield tag="702" ind1=" " ind2=" ">
    <subfield code="a">Toki, Walter H.</subfield>
    <subfield code="z">Current</subfield>
  </datafield>
  <datafield tag="710" ind1=" " ind2=" ">
    <subfield code="g">MARK-III Collaboration</subfield>
  </datafield>
  <datafield tag="970" ind1=" " ind2=" ">
    <subfield code="a">EXPERIMENT-13072</subfield>
  </datafield>
  <datafield tag="980" ind1=" " ind2=" ">
    <subfield code="a">EXPERIMENT</subfield>
  </datafield>
</record>