<record>
  <controlfield tag="005">20120413015400.0</controlfield>
  <datafield tag="046" ind1=" " ind2=" ">
    <subfield code="q">1977</subfield>
  </datafield>
  <datafield tag="046" ind1=" " ind2=" ">
    <subfield code="r">1977-12-08</subfield>
  </datafield>
  <datafield tag="046" ind1=" " ind2=" ">
    <subfield code="s">1980-03-20</subfield>
  </datafield>
  <datafield tag="046" ind1=" " ind2=" ">
    <subfield code="t">1981-08-10</subfield>
  </datafield>
  <datafield tag="119" ind1=" " ind2=" ">
    <subfield code="a">CERN-SC-077</subfield>
  </datafield>
  <datafield tag="245" ind1=" " ind2=" ">
    <subfield code="a">DETERMINATION OF THE BRANCHING RATIO FOR THE DECAY PI0 --> E+ E-</subfield>
  </datafield>
  <datafield tag="700" ind1=" " ind2=" ">
    <subfield code="a">Doesburg, W.Van</subfield>
    <subfield code="a">Verheul, H.</subfield>
    <subfield code="a">Zephat, A.G.</subfield>
    <subfield code="u">Vrije U., Amsterdam</subfield>
  </datafield>
  <datafield tag="700" ind1=" " ind2=" ">
    <subfield code="a">Davies, J.D.</subfield>
    <subfield code="a">Lowe, J.</subfield>
    <subfield code="a">Playfer, S.M.</subfield>
    <subfield code="u">Birmingham U.</subfield>
  </datafield>
  <datafield tag="700" ind1=" " ind2=" ">
    <subfield code="a">Bressani, T.</subfield>
    <subfield code="a">Caria, M.</subfield>
    <subfield code="u">Cagliari U.</subfield>
  </datafield>
  <datafield tag="700" ind1=" " ind2=" ">
    <subfield code="a">Caria, M.</subfield>
    <subfield code="a">Michaelis, E.G.</subfield>
    <subfield code="u">CERN</subfield>
  </datafield>
  <datafield tag="700" ind1=" " ind2=" ">
    <subfield code="a">Eijk, C.W.E.van</subfield>
    <subfield code="a">Lourens, W.</subfield>
    <subfield code="u">Delft Tech. Univ.</subfield>
  </datafield>
  <datafield tag="700" ind1=" " ind2=" ">
    <subfield code="a">Kernel, G.</subfield>
    <subfield code="a">Sever, F.</subfield>
    <subfield code="a">Stanovnik, A.</subfield>
    <subfield code="u">Ljubljana U.</subfield>
  </datafield>
  <datafield tag="700" ind1=" " ind2=" ">
    <subfield code="a">Jovanovich, J.V.</subfield>
    <subfield code="a">Sever, F.</subfield>
    <subfield code="a">Stanovnik, A.</subfield>
    <subfield code="u">Manitoba U.</subfield>
  </datafield>
  <datafield tag="700" ind1=" " ind2=" ">
    <subfield code="a">Siohan, F.</subfield>
    <subfield code="a">Tanner, N.W.</subfield>
    <subfield code="u">Oxford U.</subfield>
  </datafield>
  <datafield tag="700" ind1=" " ind2=" ">
    <subfield code="a">Casa, G.Della</subfield>
    <subfield code="a">Chiavassa, E.</subfield>
    <subfield code="a">Costa, S.</subfield>
    <subfield code="a">Gallio, M.</subfield>
    <subfield code="a">Musso, A.</subfield>
    <subfield code="u">Turin U.</subfield>
  </datafield>
  <datafield tag="700" ind1=" " ind2=" ">
    <subfield code="a">Chiavassa, E.</subfield>
    <subfield code="a">Costa, S.</subfield>
    <subfield code="a">Frame, D.</subfield>
    <subfield code="a">Gallio, M.</subfield>
    <subfield code="a">Musso, A.</subfield>
    <subfield code="u">Glasgow U.</subfield>
  </datafield>
  <datafield tag="700" ind1=" " ind2=" ">
    <subfield code="a">Harvey, J.</subfield>
    <subfield code="u">Rutherford</subfield>
  </datafield>
  <datafield tag="700" ind1=" " ind2=" ">
    <subfield code="a">Harvey, J.</subfield>
    <subfield code="u">Rutherford</subfield>
  </datafield>
  <datafield tag="702" ind1=" " ind2=" ">
    <subfield code="a">Davies, J.D.</subfield>
    <subfield code="z">Current</subfield>
  </datafield>
  <datafield tag="970" ind1=" " ind2=" ">
    <subfield code="a">EXPERIMENT-9148</subfield>
  </datafield>
  <datafield tag="980" ind1=" " ind2=" ">
    <subfield code="a">EXPERIMENT</subfield>
  </datafield>
</record>