<record>
  <controlfield tag="005">20120502175047.0</controlfield>
  <datafield tag="046" ind1=" " ind2=" ">
    <subfield code="q">10/--/86</subfield>
  </datafield>
  <datafield tag="046" ind1=" " ind2=" ">
    <subfield code="r">1986-11-14</subfield>
  </datafield>
  <datafield tag="046" ind1=" " ind2=" ">
    <subfield code="s">1988</subfield>
  </datafield>
  <datafield tag="046" ind1=" " ind2=" ">
    <subfield code="t">1988</subfield>
  </datafield>
  <datafield tag="119" ind1=" " ind2=" ">
    <subfield code="a">BNL-E-0838</subfield>
    <subfield code="u">Brookhaven</subfield>
  </datafield>
  <datafield tag="245" ind1=" " ind2=" ">
    <subfield code="a">90 DEGREE EXCLUSIVES AT 6 GEV</subfield>
  </datafield>
  <datafield tag="372" ind1=" " ind2=" ">
    <subfield code="a">AGS experiments</subfield>
  </datafield>
  <datafield tag="510" ind1=" " ind2=" ">
    <subfield code="a">BNL-755</subfield>
  </datafield>
  <datafield tag="520" ind1=" " ind2=" ">
    <subfield code="a">Studies importance of gluon exchange, quark interchange, and quark/antiquark annihilation in the scaling region for two-body exclusive scattering. Tests particularly the dominance of the quark interchange. Uses tagged beams and a hydrogen target.</subfield>
  </datafield>
  <datafield tag="700" ind1=" " ind2=" ">
    <subfield code="a">Appel, R.</subfield>
    <subfield code="a">Barton, D.S.</subfield>
    <subfield code="a">Bunce, G.</subfield>
    <subfield code="a">Carroll, A.S.</subfield>
    <subfield code="a">Gushue, S.</subfield>
    <subfield code="a">Kmit, M.</subfield>
    <subfield code="a">Lowenstein, D.I.</subfield>
    <subfield code="a">Makdisi, Y.I.</subfield>
    <subfield code="u">Brookhaven</subfield>
  </datafield>
  <datafield tag="700" ind1=" " ind2=" ">
    <subfield code="a">Courant, H.</subfield>
    <subfield code="a">Fang, G.</subfield>
    <subfield code="a">Heller, K.J.</subfield>
    <subfield code="a">Johns, K.</subfield>
    <subfield code="a">Marshak, M.L.</subfield>
    <subfield code="a">Shupe, M.A.</subfield>
    <subfield code="a">White, C.</subfield>
    <subfield code="u">Minnesota U.</subfield>
  </datafield>
  <datafield tag="700" ind1=" " ind2=" ">
    <subfield code="a">Heller, K.J.</subfield>
    <subfield code="a">Johns, K.</subfield>
    <subfield code="a">Ma, X.</subfield>
    <subfield code="a">Marshak, M.L.</subfield>
    <subfield code="a">Russell, J.J.</subfield>
    <subfield code="a">Shupe, M.A.</subfield>
    <subfield code="a">White, C.</subfield>
    <subfield code="u">Massachusetts U., North Dartmouth</subfield>
  </datafield>
  <datafield tag="700" ind1=" " ind2=" ">
    <subfield code="a">Heppelmann, S.</subfield>
    <subfield code="a">Russell, J.J.</subfield>
    <subfield code="u">Penn State U.</subfield>
  </datafield>
  <datafield tag="700" ind1=" " ind2=" ">
    <subfield code="u">Massachusetts U., North Dartmouth</subfield>
  </datafield>
  <datafield tag="700" ind1=" " ind2=" ">
    <subfield code="a">Heppelmann, S.</subfield>
    <subfield code="u">Penn State U.</subfield>
  </datafield>
  <datafield tag="702" ind1=" " ind2=" ">
    <subfield code="a">Bunce, G.</subfield>
    <subfield code="z">Current</subfield>
  </datafield>
  <datafield tag="702" ind1=" " ind2=" ">
    <subfield code="a">Russell, J.J.</subfield>
    <subfield code="z">Current</subfield>
  </datafield>
  <datafield tag="970" ind1=" " ind2=" ">
    <subfield code="a">EXPERIMENT-16845</subfield>
  </datafield>
  <datafield tag="980" ind1=" " ind2=" ">
    <subfield code="a">EXPERIMENT</subfield>
  </datafield>
</record>