<record>
  <controlfield tag="005">20120413015417.0</controlfield>
  <datafield tag="046" ind1=" " ind2=" ">
    <subfield code="q">01/13/76</subfield>
  </datafield>
  <datafield tag="046" ind1=" " ind2=" ">
    <subfield code="r">1976-04-28</subfield>
  </datafield>
  <datafield tag="046" ind1=" " ind2=" ">
    <subfield code="t">1976-12-01</subfield>
  </datafield>
  <datafield tag="119" ind1=" " ind2=" ">
    <subfield code="a">FNAL-E-0467</subfield>
  </datafield>
  <datafield tag="245" ind1=" " ind2=" ">
    <subfield code="a">PROPOSAL FOR PARASITIC DUAL TARGET IRRADIATION WITH MUON SPILL BEAM BEHIND FNAL EXPERIMENT 319</subfield>
  </datafield>
  <datafield tag="520" ind1=" " ind2=" ">
    <subfield code="a">At question are the rates of nuclear (p,n) conversions caused by secondary protons from muon collisions with rock. Concerns background from cosmic-ray muons to solar-neutrino flux measurements deep underground. Four targets exposed.</subfield>
  </datafield>
  <datafield tag="700" ind1=" " ind2=" ">
    <subfield code="a">Freedman, M.S.</subfield>
    <subfield code="a">Fuchs, L.</subfield>
    <subfield code="a">Horwitz, E.P.</subfield>
    <subfield code="a">Lerner, J.</subfield>
    <subfield code="a">Stevens, C.M.</subfield>
    <subfield code="u">Argonne</subfield>
  </datafield>
  <datafield tag="700" ind1=" " ind2=" ">
    <subfield code="a">Fuchs, L.</subfield>
    <subfield code="a">Horwitz, E.P.</subfield>
    <subfield code="a">Lerner, J.</subfield>
    <subfield code="a">Stevens, C.M.</subfield>
    <subfield code="u">Argonne</subfield>
  </datafield>
  <datafield tag="702" ind1=" " ind2=" ">
    <subfield code="a">Freedman, M.S.</subfield>
    <subfield code="z">Current</subfield>
  </datafield>
  <datafield tag="970" ind1=" " ind2=" ">
    <subfield code="a">EXPERIMENT-8079</subfield>
  </datafield>
  <datafield tag="980" ind1=" " ind2=" ">
    <subfield code="a">EXPERIMENT</subfield>
  </datafield>
</record>