<record>
  <controlfield tag="005">20120502175724.0</controlfield>
  <datafield tag="046" ind1=" " ind2=" ">
    <subfield code="q">1973</subfield>
  </datafield>
  <datafield tag="046" ind1=" " ind2=" ">
    <subfield code="r">1974</subfield>
  </datafield>
  <datafield tag="046" ind1=" " ind2=" ">
    <subfield code="s">1974-06</subfield>
  </datafield>
  <datafield tag="046" ind1=" " ind2=" ">
    <subfield code="t">1975-04</subfield>
  </datafield>
  <datafield tag="119" ind1=" " ind2=" ">
    <subfield code="a">SERPUKHOV-096</subfield>
    <subfield code="u">Serpukhov, IHEP</subfield>
  </datafield>
  <datafield tag="245" ind1=" " ind2=" ">
    <subfield code="a">STUDY OF P P --> 2P PI+ PI- REACTION AT 50 AND 70 GEV</subfield>
  </datafield>
  <datafield tag="520" ind1=" " ind2=" ">
    <subfield code="a">Ran for 48 shifts.</subfield>
  </datafield>
  <datafield tag="700" ind1=" " ind2=" ">
    <subfield code="a">Balashin, O.N.</subfield>
    <subfield code="a">Bolonkin, B.V.</subfield>
    <subfield code="a">Erofeev, I.A.</subfield>
    <subfield code="a">Grigoryev, V.K.</subfield>
    <subfield code="a">Grishin, A.P.</subfield>
    <subfield code="a">Korolkov, I.Y.</subfield>
    <subfield code="a">Loseva, L.E.</subfield>
    <subfield code="a">Luzin, V.N.</subfield>
    <subfield code="a">Miller, V.V.</subfield>
    <subfield code="a">Petrukhin, B.N.</subfield>
    <subfield code="a">Pligin, Y.S.</subfield>
    <subfield code="a">Ponomarev, L.A.</subfield>
    <subfield code="a">Shkurenko, Y.P.</subfield>
    <subfield code="a">Sokolov, A.I.</subfield>
    <subfield code="a">Sokolovsky, V.V.</subfield>
    <subfield code="a">Steptchkova, N.K.</subfield>
    <subfield code="a">Tikhomirov, G.D.</subfield>
    <subfield code="a">Trostina, K.A.</subfield>
    <subfield code="a">Vladimirsky, V.V.</subfield>
    <subfield code="u">Moscow, ITEP</subfield>
  </datafield>
  <datafield tag="700" ind1=" " ind2=" ">
    <subfield code="a">Steptchkova, N.K.</subfield>
    <subfield code="a">Tikhomirov, G.D.</subfield>
    <subfield code="a">Trostina, K.A.</subfield>
    <subfield code="a">Vladimirsky, V.V.</subfield>
    <subfield code="u">Moscow, ITEP</subfield>
  </datafield>
  <datafield tag="702" ind1=" " ind2=" ">
    <subfield code="a">Sokolovsky, V.V.</subfield>
    <subfield code="z">Current</subfield>
  </datafield>
  <datafield tag="970" ind1=" " ind2=" ">
    <subfield code="a">EXPERIMENT-5355</subfield>
  </datafield>
  <datafield tag="980" ind1=" " ind2=" ">
    <subfield code="a">EXPERIMENT</subfield>
  </datafield>
</record>