<record>
  <controlfield tag="005">20120413015322.0</controlfield>
  <datafield tag="046" ind1=" " ind2=" ">
    <subfield code="q">01/30/80</subfield>
  </datafield>
  <datafield tag="046" ind1=" " ind2=" ">
    <subfield code="r">1980-03-15</subfield>
  </datafield>
  <datafield tag="046" ind1=" " ind2=" ">
    <subfield code="t">1982-03-15</subfield>
  </datafield>
  <datafield tag="119" ind1=" " ind2=" ">
    <subfield code="a">FNAL-E-0630</subfield>
  </datafield>
  <datafield tag="245" ind1=" " ind2=" ">
    <subfield code="a">STUDY OF B PARTICLE AND CHARMED PARTICLE PRODUCTION AND DECAY USING A HIGH RESOLUTION STREAMER CHAMBER</subfield>
  </datafield>
  <datafield tag="520" ind1=" " ind2=" ">
    <subfield code="a">An extension of FNAL-490. Ran for 1150 hours.</subfield>
  </datafield>
  <datafield tag="700" ind1=" " ind2=" ">
    <subfield code="a">Cardello, T.</subfield>
    <subfield code="a">Catalano, M.</subfield>
    <subfield code="a">Cooper, P.</subfield>
    <subfield code="a">Dhawan, S.</subfield>
    <subfield code="a">Li, Y.</subfield>
    <subfield code="a">Majka, R.</subfield>
    <subfield code="a">McBride, P.</subfield>
    <subfield code="a">Murphy, O.</subfield>
    <subfield code="a">Nemethy, P.</subfield>
    <subfield code="a">Sandweiss, J.</subfield>
    <subfield code="a">Slaughter, A.J.</subfield>
    <subfield code="a">Taft, H.</subfield>
    <subfield code="a">Teig, L.</subfield>
    <subfield code="a">Tzeng, L.</subfield>
    <subfield code="u">Yale U.</subfield>
  </datafield>
  <datafield tag="700" ind1=" " ind2=" ">
    <subfield code="a">Johnson, M.</subfield>
    <subfield code="a">Taft, H.</subfield>
    <subfield code="a">Teig, L.</subfield>
    <subfield code="a">Tzeng, L.</subfield>
    <subfield code="u">Fermilab</subfield>
  </datafield>
  <datafield tag="700" ind1=" " ind2=" ">
    <subfield code="a">al., et</subfield>
    <subfield code="u">LBL, Berkeley</subfield>
  </datafield>
  <datafield tag="700" ind1=" " ind2=" ">
    <subfield code="a">al., et</subfield>
    <subfield code="u">LBL, Berkeley</subfield>
  </datafield>
  <datafield tag="702" ind1=" " ind2=" ">
    <subfield code="a">Sandweiss, J.</subfield>
    <subfield code="z">Current</subfield>
  </datafield>
  <datafield tag="970" ind1=" " ind2=" ">
    <subfield code="a">EXPERIMENT-11932</subfield>
  </datafield>
  <datafield tag="980" ind1=" " ind2=" ">
    <subfield code="a">EXPERIMENT</subfield>
  </datafield>
</record>