<record>
  <controlfield tag="005">20120502174846.0</controlfield>
  <datafield tag="046" ind1=" " ind2=" ">
    <subfield code="q">05/--/90</subfield>
  </datafield>
  <datafield tag="046" ind1=" " ind2=" ">
    <subfield code="r">1990-06-20</subfield>
  </datafield>
  <datafield tag="046" ind1=" " ind2=" ">
    <subfield code="s">1995</subfield>
  </datafield>
  <datafield tag="046" ind1=" " ind2=" ">
    <subfield code="t">1999</subfield>
  </datafield>
  <datafield tag="046" ind1=" " ind2=" ">
    <subfield code="x">yes</subfield>
  </datafield>
  <datafield tag="119" ind1=" " ind2=" ">
    <subfield code="a">BNL-E-0865</subfield>
    <subfield code="u">Brookhaven</subfield>
  </datafield>
  <datafield tag="245" ind1=" " ind2=" ">
    <subfield code="a">IMPROVED SEARCH FOR K+ --> PI+ MU+ E-</subfield>
  </datafield>
  <datafield tag="270" ind1=" " ind2=" ">
    <subfield code="m">michael.zeller@yale.edu</subfield>
  </datafield>
  <datafield tag="372" ind1=" " ind2=" ">
    <subfield code="a">AGS experiments</subfield>
  </datafield>
  <datafield tag="510" ind1=" " ind2=" ">
    <subfield code="a">BNL-E-0777</subfield>
  </datafield>
  <datafield tag="520" ind1=" " ind2=" ">
    <subfield code="a">Continuation of BNL-777 experiment, with a factor of approximately 70 improved sensitivity. The main purpose is to observe, or place a limit of a few times 10**(-12), on the branching ratio of the muon number violating decay K+ -> pi+ mu+ e- . Uses a magnetic spectrometer system with very high rate, and good particle identification. Aims at achieving significant improvements on measurements of rates and kinematic distributions of other rare decays (B.R. &lt; 10**-4).</subfield>
  </datafield>
  <datafield tag="700" ind1=" " ind2=" ">
    <subfield code="a">Backenstoss, G.</subfield>
    <subfield code="a">Menzel, Wolfgang</subfield>
    <subfield code="a">Weyer, H.</subfield>
    <subfield code="u">Basel U.</subfield>
  </datafield>
  <datafield tag="700" ind1=" " ind2=" ">
    <subfield code="a">Lazarus, D.</subfield>
    <subfield code="a">Leipuner, L.</subfield>
    <subfield code="a">Ma, Hong</subfield>
    <subfield code="a">Rehak, P.</subfield>
    <subfield code="u">Brookhaven</subfield>
  </datafield>
  <datafield tag="700" ind1=" " ind2=" ">
    <subfield code="a">Atoyan, G.S.</subfield>
    <subfield code="a">Isakov, V.V.</subfield>
    <subfield code="a">Karavichev, Oleg</subfield>
    <subfield code="a">Poblaguev, A.A.</subfield>
    <subfield code="a">Postoev, Vladimir</subfield>
    <subfield code="a">Semeniouk, Igor N.</subfield>
    <subfield code="u">Moscow, INR</subfield>
  </datafield>
  <datafield tag="700" ind1=" " ind2=" ">
    <subfield code="a">Bassalleck, Bernd</subfield>
    <subfield code="a">Eilerts, Scott W.</subfield>
    <subfield code="a">Lowe, J.</subfield>
    <subfield code="a">Wolfe, David</subfield>
    <subfield code="u">New Mexico U.</subfield>
  </datafield>
  <datafield tag="700" ind1=" " ind2=" ">
    <subfield code="a">Egger, J.</subfield>
    <subfield code="a">Herold, Wolf D.</subfield>
    <subfield code="a">Kaspar, Heinz</subfield>
    <subfield code="a">Missimer, John</subfield>
    <subfield code="u">PSI, Villigen</subfield>
  </datafield>
  <datafield tag="700" ind1=" " ind2=" ">
    <subfield code="a">Appel, Robin</subfield>
    <subfield code="a">Cheung, Naipor E.</subfield>
    <subfield code="a">Felder, Christoph A.</subfield>
    <subfield code="a">Gach, H.Michael</subfield>
    <subfield code="a">Kraus, D.E.</subfield>
    <subfield code="a">Ober, Ivan G.</subfield>
    <subfield code="a">Pomianowski, Paula A.</subfield>
    <subfield code="a">Sher, Alexander</subfield>
    <subfield code="a">Thompson, Julia A.</subfield>
    <subfield code="u">Pittsburgh U.</subfield>
  </datafield>
  <datafield tag="700" ind1=" " ind2=" ">
    <subfield code="a">Bagaturia, Y.S.</subfield>
    <subfield code="a">Mazavia, D.</subfield>
    <subfield code="a">Melitauri, Georgi V.</subfield>
    <subfield code="a">Sakhelashvili, T.M.</subfield>
    <subfield code="u">Tbilisi State U.</subfield>
  </datafield>
  <datafield tag="700" ind1=" " ind2=" ">
    <subfield code="a">Bergman, Douglas R.</subfield>
    <subfield code="a">Do, Hanh D.</subfield>
    <subfield code="a">Lozano, Juan A.</subfield>
    <subfield code="a">Majid, Walid A.</subfield>
    <subfield code="a">Zeller, Michael E.</subfield>
    <subfield code="u">Yale U.</subfield>
  </datafield>
  <datafield tag="700" ind1=" " ind2=" ">
    <subfield code="a">Pislak, Stefan</subfield>
    <subfield code="a">Robmann, Peter</subfield>
    <subfield code="a">Truoel, P.</subfield>
    <subfield code="u">Zurich U.</subfield>
  </datafield>
  <datafield tag="700" ind1=" " ind2=" ">
    <subfield code="a">Lichard, Peter, Sr.</subfield>
    <subfield code="u">Silesian U., Czech Republic</subfield>
  </datafield>
  <datafield tag="702" ind1=" " ind2=" ">
    <subfield code="a">Zeller, Michael E.</subfield>
    <subfield code="z">Current</subfield>
  </datafield>
  <datafield tag="710" ind1=" " ind2=" ">
    <subfield code="g">E865 Collaboration</subfield>
  </datafield>
  <datafield tag="970" ind1=" " ind2=" ">
    <subfield code="a">EXPERIMENT-19046</subfield>
  </datafield>
  <datafield tag="980" ind1=" " ind2=" ">
    <subfield code="a">EXPERIMENT</subfield>
  </datafield>
</record>