<record>
  <controlfield tag="005">20120502174831.0</controlfield>
  <datafield tag="046" ind1=" " ind2=" ">
    <subfield code="q">11/--/90</subfield>
  </datafield>
  <datafield tag="046" ind1=" " ind2=" ">
    <subfield code="r">1990-11</subfield>
  </datafield>
  <datafield tag="046" ind1=" " ind2=" ">
    <subfield code="s">1994-01</subfield>
  </datafield>
  <datafield tag="046" ind1=" " ind2=" ">
    <subfield code="t">1994-08</subfield>
  </datafield>
  <datafield tag="046" ind1=" " ind2=" ">
    <subfield code="x">yes</subfield>
  </datafield>
  <datafield tag="119" ind1=" " ind2=" ">
    <subfield code="a">TRIUMF-624</subfield>
    <subfield code="u">TRIUMF</subfield>
  </datafield>
  <datafield tag="245" ind1=" " ind2=" ">
    <subfield code="a">THE (PI, 2PI) REACTION, A TOOL TO DETERMINE SCATTERING LENGTHS AND COUPLING CONSTANTS</subfield>
  </datafield>
  <datafield tag="270" ind1=" " ind2=" ">
    <subfield code="m">grion@trieste.infn.it</subfield>
  </datafield>
  <datafield tag="270" ind1=" " ind2=" ">
    <subfield code="m">grion@triumf.ca</subfield>
  </datafield>
  <datafield tag="270" ind1=" " ind2=" ">
    <subfield code="m">johnson@physics.ubc.ca</subfield>
  </datafield>
  <datafield tag="270" ind1=" " ind2=" ">
    <subfield code="m">msevior@triumf.ca</subfield>
  </datafield>
  <datafield tag="270" ind1=" " ind2=" ">
    <subfield code="m">rrjohnson@triumf.ca</subfield>
  </datafield>
  <datafield tag="270" ind1=" " ind2=" ">
    <subfield code="m">rui@triumf.ca</subfield>
  </datafield>
  <datafield tag="520" ind1=" " ind2=" ">
    <subfield code="a">Studies the pi pi scattering length, and pi-pi phase shifts near threshold.</subfield>
  </datafield>
  <datafield tag="653" ind1="1" ind2=" ">
    <subfield code="a">Scattering lengths and couplings from (pi,2 pi)</subfield>
  </datafield>
  <datafield tag="700" ind1=" " ind2=" ">
    <subfield code="a">Ottewell, D.</subfield>
    <subfield code="a">Smith, G.R.</subfield>
    <subfield code="u">TRIUMF</subfield>
  </datafield>
  <datafield tag="700" ind1=" " ind2=" ">
    <subfield code="a">Iqbal, M.</subfield>
    <subfield code="a">Johnson, Richard R.</subfield>
    <subfield code="a">Jones, C.</subfield>
    <subfield code="a">Sevior, Martin E.</subfield>
    <subfield code="a">Sossi, V.</subfield>
    <subfield code="a">Vetterli, D.</subfield>
    <subfield code="u">British Columbia U.</subfield>
  </datafield>
  <datafield tag="700" ind1=" " ind2=" ">
    <subfield code="a">Mathie, Edward L.</subfield>
    <subfield code="a">Tacik, R.</subfield>
    <subfield code="u">Regina U.</subfield>
  </datafield>
  <datafield tag="700" ind1=" " ind2=" ">
    <subfield code="a">Ristenen, R.</subfield>
    <subfield code="a">Vetterli, D.</subfield>
    <subfield code="u">Colorado U.</subfield>
  </datafield>
  <datafield tag="700" ind1=" " ind2=" ">
    <subfield code="a">Buttazoni, S.</subfield>
    <subfield code="a">Camerini, P.</subfield>
    <subfield code="a">Grion, Nevio</subfield>
    <subfield code="a">Rui, Rinaldo</subfield>
    <subfield code="u">Trieste U.</subfield>
  </datafield>
  <datafield tag="700" ind1=" " ind2=" ">
    <subfield code="a">Boschitz, E.</subfield>
    <subfield code="u">Karlsruhe U., EKP</subfield>
  </datafield>
  <datafield tag="700" ind1=" " ind2=" ">
    <subfield code="a">Camerini, P.</subfield>
    <subfield code="a">Friedman, Eli</subfield>
    <subfield code="a">Grion, Nevio</subfield>
    <subfield code="u">Hebrew U.</subfield>
  </datafield>
  <datafield tag="700" ind1=" " ind2=" ">
    <subfield code="a">Rozon, M.</subfield>
    <subfield code="u">Carnegie Mellon U.</subfield>
  </datafield>
  <datafield tag="702" ind1=" " ind2=" ">
    <subfield code="a">Grion, Nevio</subfield>
    <subfield code="z">Current</subfield>
  </datafield>
  <datafield tag="702" ind1=" " ind2=" ">
    <subfield code="a">Johnson, Richard R.</subfield>
    <subfield code="z">Current</subfield>
  </datafield>
  <datafield tag="702" ind1=" " ind2=" ">
    <subfield code="a">Rui, Rinaldo</subfield>
    <subfield code="z">Current</subfield>
  </datafield>
  <datafield tag="702" ind1=" " ind2=" ">
    <subfield code="a">Sevior, Martin E.</subfield>
    <subfield code="z">Current</subfield>
  </datafield>
  <datafield tag="970" ind1=" " ind2=" ">
    <subfield code="a">EXPERIMENT-19259</subfield>
  </datafield>
  <datafield tag="980" ind1=" " ind2=" ">
    <subfield code="a">EXPERIMENT</subfield>
  </datafield>
</record>