<record>
  <controlfield tag="005">20120502180214.0</controlfield>
  <datafield tag="046" ind1=" " ind2=" ">
    <subfield code="x">yes</subfield>
  </datafield>
  <datafield tag="119" ind1=" " ind2=" ">
    <subfield code="a">CERN-ISOLDE</subfield>
    <subfield code="u">CERN</subfield>
  </datafield>
  <datafield tag="245" ind1=" " ind2=" ">
    <subfield code="a">ISOLDE MASS SEPARATOR FACILITY</subfield>
  </datafield>
  <datafield tag="270" ind1=" " ind2=" ">
    <subfield code="m">bjorn.jonson@cern.ch</subfield>
  </datafield>
  <datafield tag="372" ind1=" " ind2=" ">
    <subfield code="a">ISOLDE</subfield>
  </datafield>
  <datafield tag="419" ind1=" " ind2=" ">
    <subfield code="a">ISOLDE</subfield>
  </datafield>
  <datafield tag="520" ind1=" " ind2=" ">
    <subfield code="a">The On-Line Isotope Mass Separator ISOLDE is a facility dedicated to the production of a large variety of radioactive ion beams for a great number of different experiments, e.g. in the field of nuclear and atomic physics, solid-state physics, life sciences and material science. The facility, located at the Proton-Synchrotron Booster (PSB) of CERN, is operated by the ISOLDE Collaboration. Since May 1998 ISOLDE has acquired the status of a Large Scale Facility within the TMR programme of the European Commission, which increases the support for external users. At ISOLDE, radioactive nuclides are produced in thick high-temperature targets via spallation, fission or fragmentation reactions. The targets are placed in the external proton beam of the PSB, which has an energy of 1 GeV and an intensity of about 2 microA. The target and ion-source together represent a small chemical factory for converting the nuclear reaction products into a radioactive ion beam. An electric field accelerates the ions, which are mass separated and steered to the experiments. Until now more than 600 isotopes of more than 60 elements (Z=2 to 88) have been produced with half-lives down to milliseconds and intensities up to 1011 ions per second. Members of the ISOLDE Collaboration are Belgium, CERN, Denmark, Finland, France, Germany, Italy, Spain, Sweden and the United Kingdom.</subfield>
  </datafield>
  <datafield tag="653" ind1="1" ind2=" ">
    <subfield code="a">Radioactive Ion Beam Facility (&lt;b>ISOLDE&lt;/b>)</subfield>
  </datafield>
  <datafield tag="702" ind1=" " ind2=" ">
    <subfield code="a">Johnson, Bjorn</subfield>
    <subfield code="z">Current</subfield>
  </datafield>
  <datafield tag="856" ind1="4" ind2=" ">
    <subfield code="u">http://isolde.web.cern.ch</subfield>
  </datafield>
  <datafield tag="970" ind1=" " ind2=" ">
    <subfield code="a">EXPERIMENT-124</subfield>
  </datafield>
  <datafield tag="980" ind1=" " ind2=" ">
    <subfield code="a">EXPERIMENT</subfield>
  </datafield>
</record>