<record>
  <controlfield tag="005">20120502174350.0</controlfield>
  <datafield tag="046" ind1=" " ind2=" ">
    <subfield code="s">2004</subfield>
  </datafield>
  <datafield tag="046" ind1=" " ind2=" ">
    <subfield code="t">2004</subfield>
  </datafield>
  <datafield tag="046" ind1=" " ind2=" ">
    <subfield code="x">yes</subfield>
  </datafield>
  <datafield tag="119" ind1=" " ind2=" ">
    <subfield code="a">BESS-Polar</subfield>
    <subfield code="u">Astro</subfield>
  </datafield>
  <datafield tag="245" ind1=" " ind2=" ">
    <subfield code="a">Balloon Experiment with Superconducting Spectrometer-Polar</subfield>
  </datafield>
  <datafield tag="372" ind1=" " ind2=" ">
    <subfield code="a">Cosmic ray</subfield>
  </datafield>
  <datafield tag="520" ind1=" " ind2=" ">
    <subfield code="a">BESS-polar is the latest instrument in the BESS series to search for antimatter in cosmic radiation along with measuring the energy and intensity of the radiation's less exotic components.</subfield>
  </datafield>
  <datafield tag="653" ind1="1" ind2=" ">
    <subfield code="a">cosmic ray antimatter</subfield>
  </datafield>
  <datafield tag="653" ind1="1" ind2=" ">
    <subfield code="a">astro</subfield>
  </datafield>
  <datafield tag="700" ind1=" " ind2=" ">
    <subfield code="a">Abe, K.</subfield>
    <subfield code="a">Itazaki, A.</subfield>
    <subfield code="a">Nozaki, M.</subfield>
    <subfield code="a">Shikaza, Y.</subfield>
    <subfield code="a">Takasugi, Y.</subfield>
    <subfield code="a">Yamato, K.</subfield>
    <subfield code="u">Kobe U.</subfield>
  </datafield>
  <datafield tag="700" ind1=" " ind2=" ">
    <subfield code="a">Fuke, H.</subfield>
    <subfield code="a">Kumazawa, T.</subfield>
    <subfield code="a">Makida, Y.</subfield>
    <subfield code="a">Matsumoto, K.</subfield>
    <subfield code="a">Omiya, H.</subfield>
    <subfield code="a">Suzuki, J.</subfield>
    <subfield code="a">Tanaka, K.</subfield>
    <subfield code="a">Yoshida, T.</subfield>
    <subfield code="a">Yoshimura, K.</subfield>
    <subfield code="u">KEK, Tsukuba</subfield>
  </datafield>
  <datafield tag="700" ind1=" " ind2=" ">
    <subfield code="a">Haino, S.</subfield>
    <subfield code="a">Izumi, K.</subfield>
    <subfield code="a">Matsuda, S.</subfield>
    <subfield code="a">Matsumoto, H.</subfield>
    <subfield code="a">Nishimura, J.</subfield>
  </datafield>
  <datafield tag="700" ind1=" " ind2=" ">
    <subfield code="a">Hams, T.</subfield>
    <subfield code="a">Mitchell, J.W.</subfield>
    <subfield code="a">Moiseev, A.</subfield>
    <subfield code="a">Ormes, J.F.</subfield>
    <subfield code="a">Sasaki, M.</subfield>
    <subfield code="a">Streitmatter, R.E.</subfield>
    <subfield code="u">NASA, Goddard</subfield>
  </datafield>
  <datafield tag="700" ind1=" " ind2=" ">
    <subfield code="a">Kim, K.C.</subfield>
    <subfield code="a">Lee, M.H.</subfield>
    <subfield code="a">Myers, Z.D.</subfield>
    <subfield code="a">Seo, E.S.</subfield>
    <subfield code="u">Maryland U.</subfield>
  </datafield>
  <datafield tag="700" ind1=" " ind2=" ">
    <subfield code="a">Yamagami, T.</subfield>
    <subfield code="u">Sagamihara, Inst. Space Astron. Sci.</subfield>
  </datafield>
  <datafield tag="702" ind1=" " ind2=" ">
    <subfield code="a">Yamamoto, Akira</subfield>
    <subfield code="z">Current</subfield>
  </datafield>
  <datafield tag="856" ind1="4" ind2=" ">
    <subfield code="u">http://lheawww.gsfc.nasa.gov/docs/gamcosray/hecr/BESS/BESS.html</subfield>
  </datafield>
  <datafield tag="970" ind1=" " ind2=" ">
    <subfield code="a">EXPERIMENT-23990</subfield>
  </datafield>
  <datafield tag="980" ind1=" " ind2=" ">
    <subfield code="a">EXPERIMENT</subfield>
  </datafield>
</record>