
<record>
  <controlfield tag="005">20120621065730.0</controlfield>
  <datafield tag="970" ind1=" " ind2=" ">
    <subfield code="a">HEPNAMES-243930</subfield>
  </datafield>
  <datafield tag="856" ind1="4" ind2=" ">
    <subfield code="u">http://www.desy.de/cgi-bin/account.pl?Richard+Kaschowitz</subfield>
  </datafield>
  <datafield tag="100" ind1=" " ind2=" ">
    <subfield code="a">Kaschowitz, Richard</subfield>
    <subfield code="q">Richard Kaschowitz</subfield>
    <subfield code="g"></subfield>
  </datafield>
  <datafield tag="980" ind1=" " ind2=" ">
    <subfield code="a">AUTHOR</subfield>
  </datafield>
  <datafield tag="961" ind1=" " ind2=" ">
    <subfield code="x">1997-03-11</subfield>
  </datafield>
  <datafield tag="961" ind1=" " ind2=" ">
    <subfield code="c">2009-06-07</subfield>
  </datafield>
  <datafield tag="371" ind1=" " ind2=" ">
    <subfield code="a">DESY</subfield>
    <subfield code="s"></subfield>
    <subfield code="t"></subfield>
    <subfield code="r"></subfield>
    <subfield code="z">Current</subfield>
  </datafield>
</record>