<record>
  <controlfield tag="005">20120515055239.0</controlfield>
  <datafield tag="970" ind1=" " ind2=" ">
    <subfield code="a">HEPNAMES-1003836</subfield>
  </datafield>
  <datafield tag="035" ind1=" " ind2=" ">
    <subfield code="a">INSPIRE-00261912</subfield>
    <subfield code="9">INSPIRE</subfield>
  </datafield>
  <datafield tag="035" ind1=" " ind2=" ">
    <subfield code="a">CERN-504857</subfield>
    <subfield code="9">INSPIRE</subfield>
  </datafield>
  <datafield tag="035" ind1=" " ind2=" ">
    <subfield code="a">S.Lindsay.1</subfield>
    <subfield code="9">BAI</subfield>
  </datafield>
  <datafield tag="371" ind1=" " ind2=" ">
    <subfield code="m">lindsay@hep.ph.liv.ac.uk</subfield>
  </datafield>
  <datafield tag="670" ind1=" " ind2=" ">
    <subfield code="a">eprint</subfield>
  </datafield>
  <datafield tag="693" ind1=" " ind2=" ">
    <subfield code="e">CERN-LHC-LHCB</subfield>
  </datafield>
  <datafield tag="100" ind1=" " ind2=" ">
    <subfield code="a">Lindsay, Scott William</subfield>
    <subfield code="q">Scott William Lindsay</subfield>
    <subfield code="g">ACTIVE</subfield>
  </datafield>
  <datafield tag="650" ind1="1" ind2="7">
    <subfield code="a">HEP-EX</subfield>
    <subfield code="2">INSPIRE</subfield>
  </datafield>
  <datafield tag="980" ind1=" " ind2=" ">
    <subfield code="a">AUTHOR</subfield>
  </datafield>
  <datafield tag="961" ind1=" " ind2=" ">
    <subfield code="x">2010-09-30</subfield>
  </datafield>
  <datafield tag="961" ind1=" " ind2=" ">
    <subfield code="c">2011-06-30</subfield>
  </datafield>
  <datafield tag="371" ind1=" " ind2=" ">
    <subfield code="a">Liverpool U.</subfield>
    <subfield code="s"></subfield>
    <subfield code="t"></subfield>
    <subfield code="r"></subfield>
    <subfield code="z">Current</subfield>
  </datafield>
</record>