<record>
  <datafield tag="970" ind1=" " ind2=" ">
    <subfield code="a">HEPNAMES-10340</subfield>
  </datafield>
  <datafield tag="670" ind1=" " ind2=" ">
    <subfield code="a">Rachel.Lumpkin@durham.ac.uk(96)</subfield>
  </datafield>
  <datafield tag="100" ind1=" " ind2=" ">
    <subfield code="a">Yang, Changgen</subfield>
    <subfield code="q">Changgen Yang</subfield>
    <subfield code="g"></subfield>
  </datafield>
  <datafield tag="980" ind1=" " ind2=" ">
    <subfield code="a">AUTHOR</subfield>
  </datafield>
  <datafield tag="961" ind1=" " ind2=" ">
    <subfield code="x">1996-08-31</subfield>
  </datafield>
  <datafield tag="961" ind1=" " ind2=" ">
    <subfield code="c">2009-06-07</subfield>
  </datafield>
</record>