<record>
  <datafield tag="970" ind1=" " ind2=" ">
    <subfield code="a">HEPNAMES-755826</subfield>
  </datafield>
  <datafield tag="100" ind1=" " ind2=" ">
    <subfield code="a">Arzamasova, Nina I.</subfield>
    <subfield code="q">Nina I. Arzamasova</subfield>
    <subfield code="g">ACTIVE</subfield>
  </datafield>
  <datafield tag="980" ind1=" " ind2=" ">
    <subfield code="a">AUTHOR</subfield>
  </datafield>
  <datafield tag="961" ind1=" " ind2=" ">
    <subfield code="x">2007-11-16</subfield>
  </datafield>
  <datafield tag="961" ind1=" " ind2=" ">
    <subfield code="c">2009-09-22</subfield>
  </datafield>
  <datafield tag="371" ind1=" " ind2=" ">
    <subfield code="a">Stavropol, Astrophys. Observ.</subfield>
    <subfield code="s"></subfield>
    <subfield code="t">1995</subfield>
    <subfield code="r">PHD</subfield>
    <subfield code="z"></subfield>
  </datafield>
  <datafield tag="701" ind1=" " ind2=" ">
    <subfield code="a">Khlopov, Maxim</subfield>
    <subfield code="i">INSPIRE-00095959</subfield>
  </datafield>
</record>