<record>
  <controlfield tag="005">20120621065620.0</controlfield>
  <datafield tag="970" ind1=" " ind2=" ">
    <subfield code="a">HEPNAMES-273414</subfield>
  </datafield>
  <datafield tag="371" ind1=" " ind2=" ">
    <subfield code="m">d.henty@epcc.ed.ac.uk</subfield>
  </datafield>
  <datafield tag="856" ind1="4" ind2=" ">
    <subfield code="u">http://www.epcc.ed.ac.uk/~dsh/</subfield>
  </datafield>
  <datafield tag="670" ind1=" " ind2=" ">
    <subfield code="a">webform</subfield>
  </datafield>
  <datafield tag="595" ind1=" " ind2=" ">
    <subfield code="o">d.henty@epcc.ed.ac.uk</subfield>
  </datafield>
  <datafield tag="595" ind1=" " ind2=" ">
    <subfield code="o">d.henty@epcc.ed.ac.uk</subfield>
  </datafield>
  <datafield tag="100" ind1=" " ind2=" ">
    <subfield code="a">Henty, David</subfield>
    <subfield code="q">David Henty</subfield>
    <subfield code="g">DEPARTED</subfield>
  </datafield>
  <datafield tag="650" ind1="1" ind2="7">
    <subfield code="a">HEP-TH</subfield>
    <subfield code="2">INSPIRE</subfield>
  </datafield>
  <datafield tag="980" ind1=" " ind2=" ">
    <subfield code="a">AUTHOR</subfield>
  </datafield>
  <datafield tag="961" ind1=" " ind2=" ">
    <subfield code="x">1992-07-28</subfield>
  </datafield>
  <datafield tag="961" ind1=" " ind2=" ">
    <subfield code="c">2010-04-26</subfield>
  </datafield>
  <datafield tag="371" ind1=" " ind2=" ">
    <subfield code="a">Edinburgh U.</subfield>
    <subfield code="s"></subfield>
    <subfield code="t"></subfield>
    <subfield code="r"></subfield>
    <subfield code="z">Current</subfield>
  </datafield>
  <datafield tag="371" ind1=" " ind2=" ">
    <subfield code="a">Glasgow U.</subfield>
    <subfield code="s"></subfield>
    <subfield code="t">1990</subfield>
    <subfield code="r">PHD</subfield>
    <subfield code="z"></subfield>
  </datafield>
  <datafield tag="371" ind1=" " ind2=" ">
    <subfield code="a">Imperial Coll., London</subfield>
    <subfield code="s"></subfield>
    <subfield code="t"></subfield>
    <subfield code="r">UG</subfield>
    <subfield code="z"></subfield>
  </datafield>
  <datafield tag="701" ind1=" " ind2=" ">
    <subfield code="a">Davies, Christine T.H.</subfield>
    <subfield code="i">INSPIRE-00075955</subfield>
  </datafield>
</record>