<record>
  <datafield tag="970" ind1=" " ind2=" ">
    <subfield code="a">HEPNAMES-191035</subfield>
  </datafield>
  <datafield tag="100" ind1=" " ind2=" ">
    <subfield code="a">Maor, Uri</subfield>
    <subfield code="q">Uri Maor</subfield>
    <subfield code="g"></subfield>
  </datafield>
  <datafield tag="980" ind1=" " ind2=" ">
    <subfield code="a">AUTHOR</subfield>
  </datafield>
  <datafield tag="961" ind1=" " ind2=" ">
    <subfield code="x">1992-01-31</subfield>
  </datafield>
  <datafield tag="961" ind1=" " ind2=" ">
    <subfield code="c">2009-06-07</subfield>
  </datafield>
  <datafield tag="371" ind1=" " ind2=" ">
    <subfield code="a">Tel Aviv U.</subfield>
    <subfield code="s"></subfield>
    <subfield code="t"></subfield>
    <subfield code="r"></subfield>
    <subfield code="z">Current</subfield>
  </datafield>
</record>