<record>
  <controlfield tag="005">20120731150731.0</controlfield>
  <datafield tag="970" ind1=" " ind2=" ">
    <subfield code="a">HEPNAMES-287334</subfield>
  </datafield>
  <datafield tag="035" ind1=" " ind2=" ">
    <subfield code="a">INSPIRE-00087124</subfield>
    <subfield code="9">INSPIRE</subfield>
  </datafield>
  <datafield tag="035" ind1=" " ind2=" ">
    <subfield code="a">ARXIV-GRUMILLER-D-1</subfield>
    <subfield code="9">INSPIRE</subfield>
  </datafield>
  <datafield tag="035" ind1=" " ind2=" ">
    <subfield code="a">D.Grumiller.1</subfield>
    <subfield code="9">BAI</subfield>
  </datafield>
  <datafield tag="371" ind1=" " ind2=" ">
    <subfield code="m">grumil@hep.itp.tuwien.ac.at</subfield>
  </datafield>
  <datafield tag="856" ind1="4" ind2=" ">
    <subfield code="u">http://quark.itp.tuwien.ac.at/~grumil</subfield>
  </datafield>
  <datafield tag="670" ind1=" " ind2=" ">
    <subfield code="a">webform</subfield>
  </datafield>
  <datafield tag="670" ind1=" " ind2=" ">
    <subfield code="g">2009-09-14</subfield>
  </datafield>
  <datafield tag="595" ind1=" " ind2=" ">
    <subfield code="m">grumil@hep.itp.tuwien.ac.at</subfield>
  </datafield>
  <datafield tag="595" ind1=" " ind2=" ">
    <subfield code="o">grumil@hep.itp.tuwien.ac.at</subfield>
  </datafield>
  <datafield tag="595" ind1=" " ind2=" ">
    <subfield code="o">grumil@hep.itp.tuwien.ac.at</subfield>
  </datafield>
  <datafield tag="100" ind1=" " ind2=" ">
    <subfield code="a">Grumiller, Daniel</subfield>
    <subfield code="q">Daniel Grumiller</subfield>
    <subfield code="g">ACTIVE</subfield>
  </datafield>
  <datafield tag="650" ind1="1" ind2="7">
    <subfield code="a">ASTRO-PH</subfield>
    <subfield code="2">INSPIRE</subfield>
  </datafield>
  <datafield tag="650" ind1="1" ind2="7">
    <subfield code="a">GR-QC</subfield>
    <subfield code="2">INSPIRE</subfield>
  </datafield>
  <datafield tag="650" ind1="1" ind2="7">
    <subfield code="a">HEP-TH</subfield>
    <subfield code="2">INSPIRE</subfield>
  </datafield>
  <datafield tag="650" ind1="1" ind2="7">
    <subfield code="a">MATH-PH</subfield>
    <subfield code="2">INSPIRE</subfield>
  </datafield>
  <datafield tag="980" ind1=" " ind2=" ">
    <subfield code="a">AUTHOR</subfield>
  </datafield>
  <datafield tag="961" ind1=" " ind2=" ">
    <subfield code="x">2000-01-31</subfield>
  </datafield>
  <datafield tag="961" ind1=" " ind2=" ">
    <subfield code="c">2012-07-30</subfield>
  </datafield>
  <datafield tag="371" ind1=" " ind2=" ">
    <subfield code="a">Vienna, Tech. U.</subfield>
    <subfield code="s">2009</subfield>
    <subfield code="t"></subfield>
    <subfield code="r">JUNIOR</subfield>
    <subfield code="z">Current</subfield>
  </datafield>
  <datafield tag="371" ind1=" " ind2=" ">
    <subfield code="a">Vienna, Tech. U.</subfield>
    <subfield code="s">2008</subfield>
    <subfield code="t">2009</subfield>
    <subfield code="r">PD</subfield>
    <subfield code="z"></subfield>
  </datafield>
  <datafield tag="371" ind1=" " ind2=" ">
    <subfield code="a">MIT</subfield>
    <subfield code="s">2006</subfield>
    <subfield code="t">2008</subfield>
    <subfield code="r">PD</subfield>
    <subfield code="z"></subfield>
  </datafield>
  <datafield tag="371" ind1=" " ind2=" ">
    <subfield code="a">Leipzig U.</subfield>
    <subfield code="s">2004</subfield>
    <subfield code="t">2006</subfield>
    <subfield code="r">PD</subfield>
    <subfield code="z"></subfield>
  </datafield>
  <datafield tag="371" ind1=" " ind2=" ">
    <subfield code="a">Vienna, Tech. U.</subfield>
    <subfield code="s">2002</subfield>
    <subfield code="t">2003</subfield>
    <subfield code="r">PD</subfield>
    <subfield code="z"></subfield>
  </datafield>
  <datafield tag="371" ind1=" " ind2=" ">
    <subfield code="a">Vienna, Tech. U.</subfield>
    <subfield code="s">1998</subfield>
    <subfield code="t">2001</subfield>
    <subfield code="r">PHD</subfield>
    <subfield code="z"></subfield>
  </datafield>
  <datafield tag="371" ind1=" " ind2=" ">
    <subfield code="a">Vienna, Tech. U.</subfield>
    <subfield code="s"></subfield>
    <subfield code="t">1997</subfield>
    <subfield code="r">MAS</subfield>
    <subfield code="z"></subfield>
  </datafield>
  <datafield tag="701" ind1=" " ind2=" ">
    <subfield code="a">Kummer, Wolfgang</subfield>
    <subfield code="i">INSPIRE-00080170</subfield>
  </datafield>
  <datafield tag="701" ind1=" " ind2=" ">
    <subfield code="a">Faber, Manfried</subfield>
    <subfield code="i">INSPIRE-00148013</subfield>
  </datafield>
</record>