<record>
  <controlfield tag="005">20120515013504.0</controlfield>
  <datafield tag="970" ind1=" " ind2=" ">
    <subfield code="a">HEPNAMES-342939</subfield>
  </datafield>
  <datafield tag="035" ind1=" " ind2=" ">
    <subfield code="a">INSPIRE-00076039</subfield>
    <subfield code="9">INSPIRE</subfield>
  </datafield>
  <datafield tag="371" ind1=" " ind2=" ">
    <subfield code="m">hooman@bnl.gov</subfield>
  </datafield>
  <datafield tag="670" ind1=" " ind2=" ">
    <subfield code="a">webform</subfield>
  </datafield>
  <datafield tag="670" ind1=" " ind2=" ">
    <subfield code="g">2011-08-02</subfield>
  </datafield>
  <datafield tag="595" ind1=" " ind2=" ">
    <subfield code="m">hooman@bnl.gov</subfield>
  </datafield>
  <datafield tag="595" ind1=" " ind2=" ">
    <subfield code="o">hooman@bnl.gov</subfield>
  </datafield>
  <datafield tag="595" ind1=" " ind2=" ">
    <subfield code="o">hooman@bnl.gov</subfield>
  </datafield>
  <datafield tag="100" ind1=" " ind2=" ">
    <subfield code="a">Davoudiasl, Hooman</subfield>
    <subfield code="q">Hooman Davoudiasl</subfield>
    <subfield code="g">ACTIVE</subfield>
  </datafield>
  <datafield tag="650" ind1="1" ind2="7">
    <subfield code="a">HEP-PH</subfield>
    <subfield code="2">INSPIRE</subfield>
  </datafield>
  <datafield tag="980" ind1=" " ind2=" ">
    <subfield code="a">AUTHOR</subfield>
  </datafield>
  <datafield tag="961" ind1=" " ind2=" ">
    <subfield code="x">2001-07-27</subfield>
  </datafield>
  <datafield tag="961" ind1=" " ind2=" ">
    <subfield code="c">2011-08-02</subfield>
  </datafield>
  <datafield tag="371" ind1=" " ind2=" ">
    <subfield code="a">Brookhaven</subfield>
    <subfield code="s">2006</subfield>
    <subfield code="t"></subfield>
    <subfield code="r"></subfield>
    <subfield code="z">Current</subfield>
  </datafield>
  <datafield tag="371" ind1=" " ind2=" ">
    <subfield code="a">Caltech</subfield>
    <subfield code="s"></subfield>
    <subfield code="t">1998</subfield>
    <subfield code="r">PHD</subfield>
    <subfield code="z"></subfield>
  </datafield>
  <datafield tag="701" ind1=" " ind2=" ">
    <subfield code="a">Wise, Mark B.</subfield>
    <subfield code="i">INSPIRE-00305523</subfield>
  </datafield>
</record>