<record>
  <controlfield tag="005">20120619184157.0</controlfield>
  <datafield tag="970" ind1=" " ind2=" ">
    <subfield code="a">HEPNAMES-405060</subfield>
  </datafield>
  <datafield tag="035" ind1=" " ind2=" ">
    <subfield code="a">INSPIRE-00316624</subfield>
    <subfield code="9">INSPIRE</subfield>
  </datafield>
  <datafield tag="035" ind1=" " ind2=" ">
    <subfield code="a">N.Bacchetta.1</subfield>
    <subfield code="9">BAI</subfield>
  </datafield>
  <datafield tag="371" ind1=" " ind2=" ">
    <subfield code="m">nicola.bacchetta@pd.infn.it</subfield>
  </datafield>
  <datafield tag="371" ind1=" " ind2=" ">
    <subfield code="m">nicola.bacchetta@cern.ch</subfield>
  </datafield>
  <datafield tag="670" ind1=" " ind2=" ">
    <subfield code="a">webform</subfield>
  </datafield>
  <datafield tag="670" ind1=" " ind2=" ">
    <subfield code="g">2010-11-18</subfield>
  </datafield>
  <datafield tag="693" ind1=" " ind2=" ">
    <subfield code="e">FNAL-E-0830</subfield>
  </datafield>
  <datafield tag="693" ind1=" " ind2=" ">
    <subfield code="e">CERN-LHC-CMS</subfield>
  </datafield>
  <datafield tag="693" ind1=" " ind2=" ">
    <subfield code="e">FNAL-TEV-CDF</subfield>
  </datafield>
  <datafield tag="595" ind1=" " ind2=" ">
    <subfield code="m">nicola.bacchetta@pd.infn.it</subfield>
  </datafield>
  <datafield tag="595" ind1=" " ind2=" ">
    <subfield code="o">nicola.bacchetta@pd.infn.it</subfield>
  </datafield>
  <datafield tag="595" ind1=" " ind2=" ">
    <subfield code="o">nicola.bacchetta@pd.infn.it</subfield>
  </datafield>
  <datafield tag="100" ind1=" " ind2=" ">
    <subfield code="a">Bacchetta, Nicola</subfield>
    <subfield code="q">Nicola Bacchetta</subfield>
    <subfield code="g">ACTIVE</subfield>
  </datafield>
  <datafield tag="650" ind1="1" ind2="7">
    <subfield code="a">HEP-EX</subfield>
    <subfield code="2">INSPIRE</subfield>
  </datafield>
  <datafield tag="980" ind1=" " ind2=" ">
    <subfield code="a">AUTHOR</subfield>
  </datafield>
  <datafield tag="961" ind1=" " ind2=" ">
    <subfield code="x">1996-06-21</subfield>
  </datafield>
  <datafield tag="961" ind1=" " ind2=" ">
    <subfield code="c">2012-05-31</subfield>
  </datafield>
  <datafield tag="371" ind1=" " ind2=" ">
    <subfield code="a">INFN, Padua</subfield>
    <subfield code="s">1993</subfield>
    <subfield code="t"></subfield>
    <subfield code="r">SENIOR</subfield>
    <subfield code="z">Current</subfield>
  </datafield>
  <datafield tag="371" ind1=" " ind2=" ">
    <subfield code="a">LBL, Berkeley</subfield>
    <subfield code="s">1989</subfield>
    <subfield code="t">1991</subfield>
    <subfield code="r">VISITOR</subfield>
    <subfield code="z"></subfield>
  </datafield>
  <datafield tag="371" ind1=" " ind2=" ">
    <subfield code="a">Fermilab</subfield>
    <subfield code="s">1991</subfield>
    <subfield code="t">1991</subfield>
    <subfield code="r">PD</subfield>
    <subfield code="z"></subfield>
  </datafield>
  <datafield tag="371" ind1=" " ind2=" ">
    <subfield code="a">New Mexico U.</subfield>
    <subfield code="s">1991</subfield>
    <subfield code="t">1993</subfield>
    <subfield code="r">PD</subfield>
    <subfield code="z"></subfield>
  </datafield>
</record>