<record>
  <controlfield tag="005">20120621064820.0</controlfield>
  <datafield tag="970" ind1=" " ind2=" ">
    <subfield code="a">HEPNAMES-437506</subfield>
  </datafield>
  <datafield tag="035" ind1=" " ind2=" ">
    <subfield code="a">INSPIRE-00054036</subfield>
    <subfield code="9">INSPIRE</subfield>
  </datafield>
  <datafield tag="371" ind1=" " ind2=" ">
    <subfield code="m">the.secretary@hq.doe.gov</subfield>
  </datafield>
  <datafield tag="856" ind1="4" ind2=" ">
    <subfield code="u">http://www.energy.gov/organization/leadership.htm</subfield>
  </datafield>
  <datafield tag="856" ind1="4" ind2=" ">
    <subfield code="u">http://nobelprize.org/physics/laureates/1997/chu-autobio.html</subfield>
  </datafield>
  <datafield tag="667" ind1=" " ind2=" ">
    <subfield code="a">Nobel Prize Physics 1997</subfield>
  </datafield>
  <datafield tag="667" ind1=" " ind2=" ">
    <subfield code="a">US Secretary of Energy</subfield>
  </datafield>
  <datafield tag="667" ind1=" " ind2=" ">
    <subfield code="a">2009-</subfield>
  </datafield>
  <datafield tag="670" ind1=" " ind2=" ">
    <subfield code="a">webform</subfield>
  </datafield>
  <datafield tag="670" ind1=" " ind2=" ">
    <subfield code="g">2008-02-19</subfield>
  </datafield>
  <datafield tag="595" ind1=" " ind2=" ">
    <subfield code="o">the.secretary@hq.doe.gov</subfield>
  </datafield>
  <datafield tag="595" ind1=" " ind2=" ">
    <subfield code="o">the.secretary@hq.doe.gov</subfield>
  </datafield>
  <datafield tag="100" ind1=" " ind2=" ">
    <subfield code="a">Chu, Steven</subfield>
    <subfield code="q">Steven Chu</subfield>
    <subfield code="g">ACTIVE</subfield>
  </datafield>
  <datafield tag="650" ind1="1" ind2="7">
    <subfield code="a">HEP-EX</subfield>
    <subfield code="2">INSPIRE</subfield>
  </datafield>
  <datafield tag="980" ind1=" " ind2=" ">
    <subfield code="a">AUTHOR</subfield>
  </datafield>
  <datafield tag="961" ind1=" " ind2=" ">
    <subfield code="x">2004-11-19</subfield>
  </datafield>
  <datafield tag="961" ind1=" " ind2=" ">
    <subfield code="c">2010-08-05</subfield>
  </datafield>
  <datafield tag="371" ind1=" " ind2=" ">
    <subfield code="a">Dept. of Energy, Wash., D.C.</subfield>
    <subfield code="s">2009</subfield>
    <subfield code="t"></subfield>
    <subfield code="r">STAFF</subfield>
    <subfield code="z">Current</subfield>
  </datafield>
  <datafield tag="371" ind1=" " ind2=" ">
    <subfield code="a">LBL, Berkeley</subfield>
    <subfield code="s">2004</subfield>
    <subfield code="t">2009</subfield>
    <subfield code="r">SENIOR</subfield>
    <subfield code="z"></subfield>
  </datafield>
  <datafield tag="371" ind1=" " ind2=" ">
    <subfield code="a">Stanford U., Phys. Dept.</subfield>
    <subfield code="s">1987</subfield>
    <subfield code="t">2004</subfield>
    <subfield code="r">SENIOR</subfield>
    <subfield code="z"></subfield>
  </datafield>
  <datafield tag="371" ind1=" " ind2=" ">
    <subfield code="a">AT-T Bell Labs, Holmdel</subfield>
    <subfield code="s">1978</subfield>
    <subfield code="t">1987</subfield>
    <subfield code="r">SENIOR</subfield>
    <subfield code="z"></subfield>
  </datafield>
  <datafield tag="371" ind1=" " ind2=" ">
    <subfield code="a">UC, Berkeley</subfield>
    <subfield code="s">1976</subfield>
    <subfield code="t">1978</subfield>
    <subfield code="r">PD</subfield>
    <subfield code="z"></subfield>
  </datafield>
  <datafield tag="371" ind1=" " ind2=" ">
    <subfield code="a">UC, Berkeley</subfield>
    <subfield code="s">1970</subfield>
    <subfield code="t">1976</subfield>
    <subfield code="r">PHD</subfield>
    <subfield code="z"></subfield>
  </datafield>
  <datafield tag="371" ind1=" " ind2=" ">
    <subfield code="a">Rochester U.</subfield>
    <subfield code="s"></subfield>
    <subfield code="t"></subfield>
    <subfield code="r">UG</subfield>
    <subfield code="z"></subfield>
  </datafield>
  <datafield tag="701" ind1=" " ind2=" ">
    <subfield code="a">Commins, Eugene D.</subfield>
    <subfield code="i">INSPIRE-00170794</subfield>
  </datafield>
</record>