<record>
  <controlfield tag="005">20120621065449.0</controlfield>
  <datafield tag="970" ind1=" " ind2=" ">
    <subfield code="a">HEPNAMES-310972</subfield>
  </datafield>
  <datafield tag="035" ind1=" " ind2=" ">
    <subfield code="a">INSPIRE-00155982</subfield>
    <subfield code="9">INSPIRE</subfield>
  </datafield>
  <datafield tag="856" ind1="4" ind2=" ">
    <subfield code="u">http://www-personal.umich.edu/~ktfreese/</subfield>
  </datafield>
  <datafield tag="856" ind1="4" ind2=" ">
    <subfield code="u">http://www.physics.lsa.umich.edu/department/directory/bio.asp?ID=105</subfield>
  </datafield>
  <datafield tag="670" ind1=" " ind2=" ">
    <subfield code="a">webform</subfield>
  </datafield>
  <datafield tag="100" ind1=" " ind2=" ">
    <subfield code="a">Freese, Katherine T.</subfield>
    <subfield code="q">Katherine T. Freese</subfield>
    <subfield code="g">ACTIVE</subfield>
  </datafield>
  <datafield tag="650" ind1="1" ind2="7">
    <subfield code="a">HEP-TH</subfield>
    <subfield code="2">INSPIRE</subfield>
  </datafield>
  <datafield tag="650" ind1="1" ind2="7">
    <subfield code="a">ASTRO-PH</subfield>
    <subfield code="2">INSPIRE</subfield>
  </datafield>
  <datafield tag="980" ind1=" " ind2=" ">
    <subfield code="a">AUTHOR</subfield>
  </datafield>
  <datafield tag="961" ind1=" " ind2=" ">
    <subfield code="x">1998-12-02</subfield>
  </datafield>
  <datafield tag="961" ind1=" " ind2=" ">
    <subfield code="c">2012-04-26</subfield>
  </datafield>
  <datafield tag="371" ind1=" " ind2=" ">
    <subfield code="a">Michigan U.</subfield>
    <subfield code="s">1991</subfield>
    <subfield code="t"></subfield>
    <subfield code="r">SENIOR</subfield>
    <subfield code="z">Current</subfield>
  </datafield>
  <datafield tag="371" ind1=" " ind2=" ">
    <subfield code="a">MIT</subfield>
    <subfield code="s">1987</subfield>
    <subfield code="t">1991</subfield>
    <subfield code="r">JUNIOR</subfield>
    <subfield code="z"></subfield>
  </datafield>
  <datafield tag="371" ind1=" " ind2=" ">
    <subfield code="a">Harvard-Smithsonian Ctr. Astrophys.</subfield>
    <subfield code="s">1984</subfield>
    <subfield code="t"></subfield>
    <subfield code="r">PD</subfield>
    <subfield code="z"></subfield>
  </datafield>
  <datafield tag="371" ind1=" " ind2=" ">
    <subfield code="a">Santa Barbara, KITP</subfield>
    <subfield code="s"></subfield>
    <subfield code="t"></subfield>
    <subfield code="r">PD</subfield>
    <subfield code="z"></subfield>
  </datafield>
  <datafield tag="371" ind1=" " ind2=" ">
    <subfield code="a">UC, Berkeley</subfield>
    <subfield code="s"></subfield>
    <subfield code="t">1987</subfield>
    <subfield code="r">PD</subfield>
    <subfield code="z"></subfield>
  </datafield>
  <datafield tag="371" ind1=" " ind2=" ">
    <subfield code="a">Chicago U.</subfield>
    <subfield code="s"></subfield>
    <subfield code="t">1984</subfield>
    <subfield code="r">PHD</subfield>
    <subfield code="z"></subfield>
  </datafield>
  <datafield tag="371" ind1=" " ind2=" ">
    <subfield code="a">Columbia U.</subfield>
    <subfield code="s"></subfield>
    <subfield code="t">1981</subfield>
    <subfield code="r">MAS</subfield>
    <subfield code="z"></subfield>
  </datafield>
  <datafield tag="371" ind1=" " ind2=" ">
    <subfield code="a">Princeton U.</subfield>
    <subfield code="s"></subfield>
    <subfield code="t"></subfield>
    <subfield code="r">UG</subfield>
    <subfield code="z"></subfield>
  </datafield>
  <datafield tag="701" ind1=" " ind2=" ">
    <subfield code="a">Schamm, David N.</subfield>
    <subfield code="i">INSPIRE-00155990</subfield>
  </datafield>
</record>