<record>
  <datafield tag="970" ind1=" " ind2=" ">
    <subfield code="a">HEPNAMES-38229</subfield>
  </datafield>
  <datafield tag="371" ind1=" " ind2=" ">
    <subfield code="m">uesugi@icrr.u-tokyo.ac.jp</subfield>
  </datafield>
  <datafield tag="670" ind1=" " ind2=" ">
    <subfield code="a">KYOTOU</subfield>
  </datafield>
  <datafield tag="595" ind1=" " ind2=" ">
    <subfield code="o">uesugi@icrr.u-tokyo.ac.jp</subfield>
  </datafield>
  <datafield tag="595" ind1=" " ind2=" ">
    <subfield code="o">uesugi@icrr.u-tokyo.ac.jp</subfield>
  </datafield>
  <datafield tag="100" ind1=" " ind2=" ">
    <subfield code="a">Uesugi, Tomoko</subfield>
    <subfield code="q">Tomoko Uesugi</subfield>
    <subfield code="g"></subfield>
  </datafield>
  <datafield tag="980" ind1=" " ind2=" ">
    <subfield code="a">AUTHOR</subfield>
  </datafield>
  <datafield tag="961" ind1=" " ind2=" ">
    <subfield code="x">2000-08-16</subfield>
  </datafield>
  <datafield tag="961" ind1=" " ind2=" ">
    <subfield code="c">2009-06-07</subfield>
  </datafield>
  <datafield tag="371" ind1=" " ind2=" ">
    <subfield code="a">Tokyo U., ICRR</subfield>
    <subfield code="s"></subfield>
    <subfield code="t"></subfield>
    <subfield code="r"></subfield>
    <subfield code="z">Current</subfield>
  </datafield>
</record>