<record>
  <controlfield tag="005">20120515014600.0</controlfield>
  <datafield tag="970" ind1=" " ind2=" ">
    <subfield code="a">HEPNAMES-76163</subfield>
  </datafield>
  <datafield tag="035" ind1=" " ind2=" ">
    <subfield code="a">INSPIRE-00277987</subfield>
    <subfield code="9">INSPIRE</subfield>
  </datafield>
  <datafield tag="693" ind1=" " ind2=" ">
    <subfield code="e">FNAL-E-0673</subfield>
  </datafield>
  <datafield tag="595" ind1=" " ind2=" ">
    <subfield code="o">simm@fnal.gov</subfield>
  </datafield>
  <datafield tag="595" ind1=" " ind2=" ">
    <subfield code="o">simm@fnal.gov</subfield>
  </datafield>
  <datafield tag="100" ind1=" " ind2=" ">
    <subfield code="a">Simmons, James Knute</subfield>
    <subfield code="q">James Knute Simmons</subfield>
    <subfield code="g">DEPARTED</subfield>
  </datafield>
  <datafield tag="980" ind1=" " ind2=" ">
    <subfield code="a">AUTHOR</subfield>
  </datafield>
  <datafield tag="961" ind1=" " ind2=" ">
    <subfield code="x">2001-07-27</subfield>
  </datafield>
  <datafield tag="961" ind1=" " ind2=" ">
    <subfield code="c">2011-04-04</subfield>
  </datafield>
  <datafield tag="371" ind1=" " ind2=" ">
    <subfield code="a">Purdue U.</subfield>
    <subfield code="s"></subfield>
    <subfield code="t">1988</subfield>
    <subfield code="r">PHD</subfield>
    <subfield code="z"></subfield>
  </datafield>
  <datafield tag="701" ind1=" " ind2=" ">
    <subfield code="a">Barnes, Virgil E.</subfield>
    <subfield code="i">INSPIRE-00064657</subfield>
  </datafield>
</record>