<record>
  <controlfield tag="005">20120515013935.0</controlfield>
  <datafield tag="970" ind1=" " ind2=" ">
    <subfield code="a">HEPNAMES-233056</subfield>
  </datafield>
  <datafield tag="035" ind1=" " ind2=" ">
    <subfield code="a">INSPIRE-00096906</subfield>
    <subfield code="9">INSPIRE</subfield>
  </datafield>
  <datafield tag="371" ind1=" " ind2=" ">
    <subfield code="m">klu@physics.muni.cz</subfield>
  </datafield>
  <datafield tag="670" ind1=" " ind2=" ">
    <subfield code="a">webform</subfield>
  </datafield>
  <datafield tag="670" ind1=" " ind2=" ">
    <subfield code="g">2010-08-04</subfield>
  </datafield>
  <datafield tag="595" ind1=" " ind2=" ">
    <subfield code="m">klu@physics.muni.cz</subfield>
  </datafield>
  <datafield tag="595" ind1=" " ind2=" ">
    <subfield code="o">klu@physics.muni.cz</subfield>
  </datafield>
  <datafield tag="595" ind1=" " ind2=" ">
    <subfield code="o">klu@physics.muni.cz</subfield>
  </datafield>
  <datafield tag="100" ind1=" " ind2=" ">
    <subfield code="a">Kluson, Josef</subfield>
    <subfield code="q">Josef Kluson</subfield>
    <subfield code="g">ACTIVE</subfield>
  </datafield>
  <datafield tag="650" ind1="1" ind2="7">
    <subfield code="a">GR-QC</subfield>
    <subfield code="2">INSPIRE</subfield>
  </datafield>
  <datafield tag="650" ind1="1" ind2="7">
    <subfield code="a">HEP-TH</subfield>
    <subfield code="2">INSPIRE</subfield>
  </datafield>
  <datafield tag="980" ind1=" " ind2=" ">
    <subfield code="a">AUTHOR</subfield>
  </datafield>
  <datafield tag="961" ind1=" " ind2=" ">
    <subfield code="x">1999-07-22</subfield>
  </datafield>
  <datafield tag="961" ind1=" " ind2=" ">
    <subfield code="c">2010-08-04</subfield>
  </datafield>
  <datafield tag="371" ind1=" " ind2=" ">
    <subfield code="a">Masaryk U., Brno</subfield>
    <subfield code="s"></subfield>
    <subfield code="t"></subfield>
    <subfield code="r"></subfield>
    <subfield code="z">Current</subfield>
  </datafield>
  <datafield tag="371" ind1=" " ind2=" ">
    <subfield code="a">Rome U.,Tor Vergata</subfield>
    <subfield code="s"></subfield>
    <subfield code="t"></subfield>
    <subfield code="r"></subfield>
    <subfield code="z">Current</subfield>
  </datafield>
</record>