
<record>
  <datafield tag="043" ind1=" " ind2=" ">
    <subfield code="t">+01</subfield>
  </datafield>
  <datafield tag="110" ind1=" " ind2=" ">
    <subfield code="u">Kern AG, Aarau</subfield>
  </datafield>
  <datafield tag="980" ind1=" " ind2=" ">
    <subfield code="b">NON-PPF</subfield>
  </datafield>
  <datafield tag="410" ind1=" " ind2=" ">
    <subfield code="g">company</subfield>
  </datafield>
  <datafield tag="961" ind1=" " ind2=" ">
    <subfield code="c">2007-12-11</subfield>
  </datafield>
  <datafield tag="961" ind1=" " ind2=" ">
    <subfield code="x">1993-04-08</subfield>
  </datafield>
  <datafield tag="970" ind1=" " ind2=" ">
    <subfield code="a">INST-46159</subfield>
  </datafield>
  <datafield tag="371" ind1=" " ind2=" ">
    <subfield code="g">CH</subfield>
    <subfield code="a">Kern and Co. AG</subfield>
    <subfield code="f">Kern and Co. AG</subfield>
    <subfield code="a">Schachenallee</subfield>
    <subfield code="f">Schachenallee</subfield>
    <subfield code="a">CA-5001 Aarau, Switzerland</subfield>
    <subfield code="f">CA-5001 Aarau, Switzerland</subfield>
    <subfield code="b">Aarau</subfield>
  </datafield>
  <datafield tag="980" ind1=" " ind2=" ">
    <subfield code="a">INSTITUTION</subfield>
  </datafield>
</record>