<record>
  <datafield tag="110" ind1=" " ind2=" ">
    <subfield code="u">ARACOR, Sunnyvale</subfield>
  </datafield>
  <datafield tag="980" ind1=" " ind2=" ">
    <subfield code="b">NON-PPF</subfield>
  </datafield>
  <datafield tag="410" ind1=" " ind2=" ">
    <subfield code="g">California</subfield>
  </datafield>
  <datafield tag="410" ind1=" " ind2=" ">
    <subfield code="a">Aracor Sunnyvale</subfield>
    <subfield code="9">DESY</subfield>
  </datafield>
  <datafield tag="961" ind1=" " ind2=" ">
    <subfield code="c">2007-12-11</subfield>
  </datafield>
  <datafield tag="961" ind1=" " ind2=" ">
    <subfield code="x">1994-08-10</subfield>
  </datafield>
  <datafield tag="970" ind1=" " ind2=" ">
    <subfield code="a">INST-49999</subfield>
  </datafield>
  <datafield tag="034" ind1=" " ind2=" ">
    <subfield code="d">-122.023771</subfield>
    <subfield code="f">37.376407</subfield>
  </datafield>
  <datafield tag="371" ind1=" " ind2=" ">
    <subfield code="e">94086 </subfield>
    <subfield code="g">US</subfield>
    <subfield code="a">Advanced Research and Applications Corp.</subfield>
    <subfield code="f">Advanced Research and Applications Corp.</subfield>
    <subfield code="a">ARACOR</subfield>
    <subfield code="f">ARACOR</subfield>
    <subfield code="a">425 Lakeside Dr.</subfield>
    <subfield code="f">425 Lakeside Dr.</subfield>
    <subfield code="a">Sunnyvale, CA 94086</subfield>
    <subfield code="f">Sunnyvale, CA 94086</subfield>
    <subfield code="a">USA</subfield>
    <subfield code="f">USA</subfield>
    <subfield code="b">Sunnyvale</subfield>
  </datafield>
  <datafield tag="980" ind1=" " ind2=" ">
    <subfield code="a">INSTITUTION</subfield>
  </datafield>
</record>