<record>
  <datafield tag="110" ind1=" " ind2=" ">
    <subfield code="u">Virginia Tech., IPPAP</subfield>
  </datafield>
  <datafield tag="667" ind1=" " ind2=" ">
    <subfield code="a">Name change to Inst. for Particle, Nuclear and Astronomical Sciences (IPNAS) in 2006</subfield>
  </datafield>
  <datafield tag="690" ind1="C" ind2=" ">
    <subfield code="a">CORE</subfield>
  </datafield>
  <datafield tag="856" ind1="4" ind2=" ">
    <subfield code="u">http://www.phys.vt.edu/~ipnas/home.html</subfield>
  </datafield>
  <datafield tag="961" ind1=" " ind2=" ">
    <subfield code="c">2009-08-31</subfield>
  </datafield>
  <datafield tag="961" ind1=" " ind2=" ">
    <subfield code="x">2004-07-08</subfield>
  </datafield>
  <datafield tag="970" ind1=" " ind2=" ">
    <subfield code="a">INST-85243</subfield>
  </datafield>
  <datafield tag="980" ind1=" " ind2=" ">
    <subfield code="b">ASTRO</subfield>
    <subfield code="b">PPF</subfield>
    <subfield code="b">WEB</subfield>
  </datafield>
  <datafield tag="980" ind1=" " ind2=" ">
    <subfield code="a">INSTITUTION</subfield>
  </datafield>
  <datafield tag="980" ind1=" " ind2=" ">
    <subfield code="a">CORE</subfield>
  </datafield>
  <datafield tag="410" ind1=" " ind2=" ">
    <subfield code="g">Institute, Phys., Astrophys.</subfield>
    <subfield code="g">Univ., University</subfield>
    <subfield code="g">IPNAS</subfield>
  </datafield>
  <datafield tag="034" ind1=" " ind2=" ">
    <subfield code="d">-80.414167</subfield>
    <subfield code="f">37.229444</subfield>
  </datafield>
  <datafield tag="371" ind1=" " ind2=" ">
    <subfield code="e">24061 </subfield>
    <subfield code="g">US</subfield>
    <subfield code="a">Virigina Polytechnic Inst. and State U.</subfield>
    <subfield code="f">Virigina Polytechnic Inst. and State U.</subfield>
    <subfield code="a">Inst. for Particle Physics and</subfield>
    <subfield code="f">Inst. for Particle Physics and</subfield>
    <subfield code="a">Astrophysics</subfield>
    <subfield code="f">Astrophysics</subfield>
    <subfield code="a">Blackburg, VA  24061</subfield>
    <subfield code="f">Blackburg, VA  24061</subfield>
    <subfield code="a">USA</subfield>
    <subfield code="f">USA</subfield>
    <subfield code="c">  </subfield>
    <subfield code="b">Blackburg</subfield>
  </datafield>
</record>