<record>
  <datafield tag="043" ind1=" " ind2=" ">
    <subfield code="t">+09</subfield>
  </datafield>
  <datafield tag="110" ind1=" " ind2=" ">
    <subfield code="u">Toyota Tech. Inst.</subfield>
  </datafield>
  <datafield tag="410" ind1=" " ind2=" ">
    <subfield code="a">NAGOYA TOYOTA TECHNOL INST</subfield>
    <subfield code="9">DESY_AFF</subfield>
  </datafield>
  <datafield tag="410" ind1=" " ind2=" ">
    <subfield code="a">TOYOTA INST TECHNOL NAGOYA</subfield>
    <subfield code="9">DESY_AFF</subfield>
  </datafield>
  <datafield tag="980" ind1=" " ind2=" ">
    <subfield code="b">CK90</subfield>
    <subfield code="b">PPF</subfield>
  </datafield>
  <datafield tag="410" ind1=" " ind2=" ">
    <subfield code="g">physics</subfield>
    <subfield code="g">Laboratory</subfield>
  </datafield>
  <datafield tag="410" ind1=" " ind2=" ">
    <subfield code="a">Toyota Nagoya</subfield>
    <subfield code="9">DESY</subfield>
  </datafield>
  <datafield tag="961" ind1=" " ind2=" ">
    <subfield code="c">2007-12-11</subfield>
  </datafield>
  <datafield tag="961" ind1=" " ind2=" ">
    <subfield code="x">1990-07-12</subfield>
  </datafield>
  <datafield tag="970" ind1=" " ind2=" ">
    <subfield code="a">INST-29890</subfield>
  </datafield>
  <datafield tag="371" ind1=" " ind2=" ">
    <subfield code="g">JP</subfield>
    <subfield code="a">Toyota Technological Institute</subfield>
    <subfield code="f">Toyota Technological Institute</subfield>
    <subfield code="a">Phys. Lab.</subfield>
    <subfield code="f">Phys. Lab.</subfield>
    <subfield code="a">Hisakata 2-Chome, Tempaku-Ku</subfield>
    <subfield code="f">Hisakata 2-Chome, Tempaku-Ku</subfield>
    <subfield code="a">Nagoya 468-8511 JAPAN</subfield>
    <subfield code="f">Nagoya 468-8511 JAPAN</subfield>
    <subfield code="b">Nagoya</subfield>
  </datafield>
  <datafield tag="980" ind1=" " ind2=" ">
    <subfield code="a">INSTITUTION</subfield>
  </datafield>
</record>