<record>
  <datafield tag="110" ind1=" " ind2=" ">
    <subfield code="u">Pasadena, Inst. Boson Studies</subfield>
  </datafield>
  <datafield tag="410" ind1=" " ind2=" ">
    <subfield code="a">INST BOSON STUD PASADENA</subfield>
    <subfield code="9">DESY_AFF</subfield>
  </datafield>
  <datafield tag="980" ind1=" " ind2=" ">
    <subfield code="b">CK90</subfield>
    <subfield code="b">PPF</subfield>
  </datafield>
  <datafield tag="410" ind1=" " ind2=" ">
    <subfield code="g">California, Institute</subfield>
    <subfield code="g">Study</subfield>
  </datafield>
  <datafield tag="410" ind1=" " ind2=" ">
    <subfield code="a">Inst. Boson Stud. Pasadena</subfield>
    <subfield code="9">DESY</subfield>
  </datafield>
  <datafield tag="961" ind1=" " ind2=" ">
    <subfield code="c">2007-12-11</subfield>
  </datafield>
  <datafield tag="961" ind1=" " ind2=" ">
    <subfield code="x">1990-02-27</subfield>
  </datafield>
  <datafield tag="970" ind1=" " ind2=" ">
    <subfield code="a">INST-39268</subfield>
  </datafield>
  <datafield tag="034" ind1=" " ind2=" ">
    <subfield code="d">-118.088905</subfield>
    <subfield code="f">34.150997</subfield>
  </datafield>
  <datafield tag="371" ind1=" " ind2=" ">
    <subfield code="e">91107 </subfield>
    <subfield code="g">US</subfield>
    <subfield code="a">Inst. for Boson Studies</subfield>
    <subfield code="f">Inst. for Boson Studies</subfield>
    <subfield code="a">Pasadena, CA 91107</subfield>
    <subfield code="f">Pasadena, CA 91107</subfield>
    <subfield code="a">USA</subfield>
    <subfield code="f">USA</subfield>
    <subfield code="c">  </subfield>
    <subfield code="b">Pasadena</subfield>
  </datafield>
  <datafield tag="980" ind1=" " ind2=" ">
    <subfield code="a">INSTITUTION</subfield>
  </datafield>
</record>