<record>
  <datafield tag="043" ind1=" " ind2=" ">
    <subfield code="t">+09</subfield>
  </datafield>
  <datafield tag="110" ind1=" " ind2=" ">
    <subfield code="u">Nagoya U. of Foreign Studies</subfield>
  </datafield>
  <datafield tag="980" ind1=" " ind2=" ">
    <subfield code="b">PPF</subfield>
  </datafield>
  <datafield tag="410" ind1=" " ind2=" ">
    <subfield code="g">phys</subfield>
    <subfield code="g">department</subfield>
    <subfield code="g">University</subfield>
    <subfield code="g">Study</subfield>
  </datafield>
  <datafield tag="410" ind1=" " ind2=" ">
    <subfield code="a">Nagoya U. Foreign Stud.</subfield>
    <subfield code="9">DESY</subfield>
  </datafield>
  <datafield tag="961" ind1=" " ind2=" ">
    <subfield code="c">2007-12-11</subfield>
  </datafield>
  <datafield tag="961" ind1=" " ind2=" ">
    <subfield code="x">1995-10-31</subfield>
  </datafield>
  <datafield tag="970" ind1=" " ind2=" ">
    <subfield code="a">INST-53279</subfield>
  </datafield>
  <datafield tag="371" ind1=" " ind2=" ">
    <subfield code="g">JP</subfield>
    <subfield code="a">Nagoya Univ. of Foreign Studies</subfield>
    <subfield code="f">Nagoya Univ. of Foreign Studies</subfield>
    <subfield code="a">Dept. of Physics</subfield>
    <subfield code="f">Dept. of Physics</subfield>
    <subfield code="a">Nissin, Aichi 470-01, Japan</subfield>
    <subfield code="f">Nissin, Aichi 470-01, Japan</subfield>
    <subfield code="b">Nissin</subfield>
  </datafield>
  <datafield tag="372" ind1=" " ind2=" ">
    <subfield code="a">University</subfield>
  </datafield>
  <datafield tag="980" ind1=" " ind2=" ">
    <subfield code="a">INSTITUTION</subfield>
  </datafield>
</record>