<record>
  <datafield tag="043" ind1=" " ind2=" ">
    <subfield code="t">-03</subfield>
  </datafield>
  <datafield tag="110" ind1=" " ind2=" ">
    <subfield code="u">Petropolis, LNCC</subfield>
  </datafield>
  <datafield tag="980" ind1=" " ind2=" ">
    <subfield code="b">NON-PPF</subfield>
    <subfield code="b">WEB</subfield>
  </datafield>
  <datafield tag="856" ind1="4" ind2=" ">
    <subfield code="u">http://www.lncc.br/frame.html</subfield>
  </datafield>
  <datafield tag="961" ind1=" " ind2=" ">
    <subfield code="c">2007-12-11</subfield>
  </datafield>
  <datafield tag="961" ind1=" " ind2=" ">
    <subfield code="x">2002-06-24</subfield>
  </datafield>
  <datafield tag="970" ind1=" " ind2=" ">
    <subfield code="a">INST-72290</subfield>
  </datafield>
  <datafield tag="410" ind1=" " ind2=" ">
    <subfield code="g">Laboratorio, National, Sci.</subfield>
    <subfield code="g">Natl.</subfield>
    <subfield code="g">Lab. Natl. Comp. Sci.</subfield>
    <subfield code="g">Brasil</subfield>
    <subfield code="g">Laboratory</subfield>
    <subfield code="g">Laboratori</subfield>
  </datafield>
  <datafield tag="410" ind1=" " ind2=" ">
    <subfield code="a">Petropolis Nat. Lab. Sci. Comput.</subfield>
    <subfield code="9">DESY</subfield>
  </datafield>
  <datafield tag="371" ind1=" " ind2=" ">
    <subfield code="g">BR</subfield>
    <subfield code="a">Lab. Nacional de Computacao Cientifica</subfield>
    <subfield code="f">Lab. Nacional de Computacao Cientifica</subfield>
    <subfield code="a">Caixa Postal 95113</subfield>
    <subfield code="f">Caixa Postal 95113</subfield>
    <subfield code="a">Quitandinha, Petropolis</subfield>
    <subfield code="f">Quitandinha, Petropolis</subfield>
    <subfield code="a">Rio de Janeiro, CEP 25651-070</subfield>
    <subfield code="f">Rio de Janeiro, CEP 25651-070</subfield>
    <subfield code="c">  </subfield>
    <subfield code="b">Rio de Janeiro</subfield>
  </datafield>
  <datafield tag="980" ind1=" " ind2=" ">
    <subfield code="a">INSTITUTION</subfield>
  </datafield>
</record>