<record>
  <controlfield tag="005">20120807145411.0</controlfield>
  <datafield tag="980" ind1=" " ind2=" ">
    <subfield code="a">INSTITUTION</subfield>
  </datafield>
  <datafield tag="856" ind1="4" ind2=" ">
    <subfield code="u">http://www.tamu.edu/</subfield>
  </datafield>
  <datafield tag="110" ind1=" " ind2=" ">
    <subfield code="a">Texas A&amp;M University</subfield>
    <subfield code="t">Texas A&amp;M U., College Station</subfield>
    <subfield code="u">Texas A&amp;M U., College Station (main)</subfield>
  </datafield>
  <datafield tag="371" ind1=" " ind2=" ">
    <subfield code="a">College Station, Texas 77843</subfield>
    <subfield code="b">College Station</subfield>
    <subfield code="c">Texas</subfield>
    <subfield code="d">USA</subfield>
    <subfield code="e">77843</subfield>
    <subfield code="g">US</subfield>
  </datafield>
  <datafield tag="372" ind1=" " ind2=" ">
    <subfield code="a">University</subfield>
  </datafield>
</record>