<record>
  <datafield tag="043" ind1=" " ind2=" ">
    <subfield code="t">+05</subfield>
  </datafield>
  <datafield tag="110" ind1=" " ind2=" ">
    <subfield code="u">Jorhat, Coll. Sci.</subfield>
  </datafield>
  <datafield tag="410" ind1=" " ind2=" ">
    <subfield code="a">JORHAT COLL SCI</subfield>
    <subfield code="9">DESY_AFF</subfield>
  </datafield>
  <datafield tag="980" ind1=" " ind2=" ">
    <subfield code="b">NON-PPF</subfield>
  </datafield>
  <datafield tag="410" ind1=" " ind2=" ">
    <subfield code="g">phys</subfield>
    <subfield code="g">department</subfield>
  </datafield>
  <datafield tag="410" ind1=" " ind2=" ">
    <subfield code="a">Jorhat Coll. Sci.</subfield>
    <subfield code="9">DESY</subfield>
  </datafield>
  <datafield tag="961" ind1=" " ind2=" ">
    <subfield code="c">2007-12-11</subfield>
  </datafield>
  <datafield tag="961" ind1=" " ind2=" ">
    <subfield code="x">1990-07-17</subfield>
  </datafield>
  <datafield tag="970" ind1=" " ind2=" ">
    <subfield code="a">INST-18392</subfield>
  </datafield>
  <datafield tag="371" ind1=" " ind2=" ">
    <subfield code="g">IN</subfield>
    <subfield code="a">College of Science</subfield>
    <subfield code="f">College of Science</subfield>
    <subfield code="a">Dept. of Physics</subfield>
    <subfield code="f">Dept. of Physics</subfield>
    <subfield code="a">Jorhat, 785010, India</subfield>
    <subfield code="f">Jorhat, 785010, India</subfield>
    <subfield code="b">Jorhat</subfield>
  </datafield>
  <datafield tag="980" ind1=" " ind2=" ">
    <subfield code="a">INSTITUTION</subfield>
  </datafield>
</record>