<record>
  <datafield tag="043" ind1=" " ind2=" ">
    <subfield code="t">+09</subfield>
  </datafield>
  <datafield tag="110" ind1=" " ind2=" ">
    <subfield code="u">Meiji Coll. Oriental Medicine</subfield>
  </datafield>
  <datafield tag="980" ind1=" " ind2=" ">
    <subfield code="b">PPF</subfield>
  </datafield>
  <datafield tag="410" ind1=" " ind2=" ">
    <subfield code="g">College</subfield>
    <subfield code="g">phys</subfield>
    <subfield code="g">department</subfield>
  </datafield>
  <datafield tag="410" ind1=" " ind2=" ">
    <subfield code="a">Kyoto Meiji Coll Orient Med</subfield>
    <subfield code="9">DESY</subfield>
  </datafield>
  <datafield tag="961" ind1=" " ind2=" ">
    <subfield code="c">2007-12-11</subfield>
  </datafield>
  <datafield tag="961" ind1=" " ind2=" ">
    <subfield code="x">1992-01-28</subfield>
  </datafield>
  <datafield tag="970" ind1=" " ind2=" ">
    <subfield code="a">INST-42838</subfield>
  </datafield>
  <datafield tag="371" ind1=" " ind2=" ">
    <subfield code="g">JP</subfield>
    <subfield code="a">Meiji Coll. of Oriental Medicine</subfield>
    <subfield code="f">Meiji Coll. of Oriental Medicine</subfield>
    <subfield code="a">Dept. of Physics</subfield>
    <subfield code="f">Dept. of Physics</subfield>
    <subfield code="a">Funai-gun</subfield>
    <subfield code="f">Funai-gun</subfield>
    <subfield code="a">Kyoto-fu 629-03, JAPAN</subfield>
    <subfield code="f">Kyoto-fu 629-03, JAPAN</subfield>
    <subfield code="c">  </subfield>
    <subfield code="b">Kyoto-fu</subfield>
  </datafield>
  <datafield tag="980" ind1=" " ind2=" ">
    <subfield code="a">INSTITUTION</subfield>
  </datafield>
</record>