<record>
  <controlfield tag="005">20120413233615.0</controlfield>
  <datafield tag="856" ind1="4" ind2=" ">
    <subfield code="u">http://clrwww.in2p3.fr/</subfield>
  </datafield>
  <datafield tag="961" ind1=" " ind2=" ">
    <subfield code="c">2011-01-12</subfield>
  </datafield>
  <datafield tag="961" ind1=" " ind2=" ">
    <subfield code="x">1989-07-27</subfield>
  </datafield>
  <datafield tag="970" ind1=" " ind2=" ">
    <subfield code="a">INST-1295</subfield>
  </datafield>
  <datafield tag="980" ind1=" " ind2=" ">
    <subfield code="b">CK90</subfield>
    <subfield code="b">HEP200</subfield>
    <subfield code="b">PDGLIST</subfield>
    <subfield code="b">PPF</subfield>
    <subfield code="b">SLUO</subfield>
    <subfield code="b">TOP500</subfield>
    <subfield code="b">WEB</subfield>
  </datafield>
  <datafield tag="980" ind1=" " ind2=" ">
    <subfield code="a">INSTITUTION</subfield>
  </datafield>
  <datafield tag="980" ind1=" " ind2=" ">
    <subfield code="a">CORE</subfield>
  </datafield>
  <datafield tag="690" ind1="C" ind2=" ">
    <subfield code="a">CORE</subfield>
  </datafield>
  <datafield tag="410" ind1=" " ind2=" ">
    <subfield code="9">DESY_AFF</subfield>
    <subfield code="a">CLERMONT-FERRAND UNIV</subfield>
  </datafield>
  <datafield tag="410" ind1=" " ind2=" ">
    <subfield code="9">DESY_AFF</subfield>
    <subfield code="a">CLERMONT UNIV</subfield>
  </datafield>
  <datafield tag="410" ind1=" " ind2=" ">
    <subfield code="9">DESY_AFF</subfield>
    <subfield code="a">PARIS AUBIERE LAB PART PHYS</subfield>
  </datafield>
  <datafield tag="410" ind1=" " ind2=" ">
    <subfield code="9">DESY_AFF</subfield>
    <subfield code="a">CLERMONT-FERRAND II UNIV</subfield>
  </datafield>
  <datafield tag="410" ind1=" " ind2=" ">
    <subfield code="g">L.P.C</subfield>
    <subfield code="g">UMR 6533</subfield>
    <subfield code="g">Universit Blaise Pascal</subfield>
    <subfield code="g">Laboratory of Corpuscular Physics</subfield>
    <subfield code="g">Univ. Lab. Corpusc. Phys.</subfield>
  </datafield>
  <datafield tag="410" ind1=" " ind2=" ">
    <subfield code="9">DESY</subfield>
    <subfield code="a">Clermont-Ferrand II U.</subfield>
  </datafield>
  <datafield tag="110" ind1=" " ind2=" ">
    <subfield code="a">Laboratoire de Physique Corpusculaire de Clermont-Ferrand (LPC)</subfield>
    <subfield code="t">LPC, Clermont-Ferrand</subfield>
    <subfield code="u">Clermont-Ferrand U.</subfield>
  </datafield>
  <datafield tag="371" ind1=" " ind2=" ">
    <subfield code="a">24 avenue des Landais</subfield>
    <subfield code="a">BP 80026</subfield>
    <subfield code="a">F-63171 Aubire Cedex</subfield>
    <subfield code="b">Aubiere</subfield>
    <subfield code="d">France</subfield>
    <subfield code="e">63171</subfield>
    <subfield code="g">FR</subfield>
  </datafield>
  <datafield tag="510" ind1=" " ind2=" ">
    <subfield code="0">903118</subfield>
    <subfield code="a">Paris, IN2P3</subfield>
    <subfield code="w">t</subfield>
  </datafield>
  <datafield tag="372" ind1=" " ind2=" ">
    <subfield code="a">Research center</subfield>
  </datafield>
  <datafield tag="043" ind1=" " ind2=" ">
    <subfield code="t">+01</subfield>
  </datafield>
  <datafield tag="680" ind1=" " ind2=" ">
    <subfield code="i">Le LPC est une Unit Mixte de Recherche de lUniversit Blaise Pascal et du CNRS (UMR 6533) appartenant  lInstitut de Physique Nuclaire et de Physique des Particules (IN2P3)</subfield>
  </datafield>
  <datafield tag="034" ind1=" " ind2=" ">
    <subfield code="d">3.1132267</subfield>
    <subfield code="f">45.7640316</subfield>
  </datafield>
</record>