<record>
  <datafield tag="110" ind1=" " ind2=" ">
    <subfield code="u">Descon Eng., San Ramon</subfield>
  </datafield>
  <datafield tag="980" ind1=" " ind2=" ">
    <subfield code="b">NON-PPF</subfield>
    <subfield code="b">WEB</subfield>
  </datafield>
  <datafield tag="667" ind1=" " ind2=" ">
    <subfield code="a">Sometimes in papers as Walnut Creek</subfield>
  </datafield>
  <datafield tag="856" ind1="4" ind2=" ">
    <subfield code="u">http://www.desconengineering.com/</subfield>
  </datafield>
  <datafield tag="961" ind1=" " ind2=" ">
    <subfield code="c">2007-12-11</subfield>
  </datafield>
  <datafield tag="961" ind1=" " ind2=" ">
    <subfield code="x">2004-06-28</subfield>
  </datafield>
  <datafield tag="970" ind1=" " ind2=" ">
    <subfield code="a">INST-83569</subfield>
  </datafield>
  <datafield tag="410" ind1=" " ind2=" ">
    <subfield code="g">Walnut Creek</subfield>
    <subfield code="g">California</subfield>
  </datafield>
  <datafield tag="034" ind1=" " ind2=" ">
    <subfield code="d">-121.958749</subfield>
    <subfield code="f">37.773217</subfield>
  </datafield>
  <datafield tag="371" ind1=" " ind2=" ">
    <subfield code="e">94583 </subfield>
    <subfield code="g">US</subfield>
    <subfield code="a">Descon Engineering</subfield>
    <subfield code="f">Descon Engineering</subfield>
    <subfield code="a">12657 Alcosta Blvd., Suite 200</subfield>
    <subfield code="f">12657 Alcosta Blvd., Suite 200</subfield>
    <subfield code="a">San Ramon, CA 94583</subfield>
    <subfield code="f">San Ramon, CA 94583</subfield>
    <subfield code="a">USA</subfield>
    <subfield code="f">USA</subfield>
    <subfield code="c">  </subfield>
    <subfield code="b">San Ramon</subfield>
  </datafield>
  <datafield tag="980" ind1=" " ind2=" ">
    <subfield code="a">INSTITUTION</subfield>
  </datafield>
</record>