<record>
  <datafield tag="043" ind1=" " ind2=" ">
    <subfield code="t">+09</subfield>
  </datafield>
  <datafield tag="110" ind1=" " ind2=" ">
    <subfield code="u">Syonan Inst. Tech.</subfield>
  </datafield>
  <datafield tag="980" ind1=" " ind2=" ">
    <subfield code="b">PPF</subfield>
  </datafield>
  <datafield tag="410" ind1=" " ind2=" ">
    <subfield code="g">institute</subfield>
    <subfield code="g">Technology</subfield>
  </datafield>
  <datafield tag="410" ind1=" " ind2=" ">
    <subfield code="a">Kanagawa Syonan Inst. Technol.</subfield>
    <subfield code="9">DESY</subfield>
  </datafield>
  <datafield tag="961" ind1=" " ind2=" ">
    <subfield code="c">2007-12-11</subfield>
  </datafield>
  <datafield tag="961" ind1=" " ind2=" ">
    <subfield code="x">1997-02-07</subfield>
  </datafield>
  <datafield tag="970" ind1=" " ind2=" ">
    <subfield code="a">INST-56430</subfield>
  </datafield>
  <datafield tag="371" ind1=" " ind2=" ">
    <subfield code="g">JP</subfield>
    <subfield code="a">Syonan Inst. Tech.</subfield>
    <subfield code="f">Syonan Inst. Tech.</subfield>
    <subfield code="a">Kanagawa, Japan</subfield>
    <subfield code="f">Kanagawa, Japan</subfield>
    <subfield code="b">Kanagawa</subfield>
  </datafield>
  <datafield tag="980" ind1=" " ind2=" ">
    <subfield code="a">INSTITUTION</subfield>
  </datafield>
</record>