<record>
  <controlfield tag="005">20120323100056.0</controlfield>
  <datafield tag="690" ind1="C" ind2=" ">
    <subfield code="a">CORE</subfield>
  </datafield>
  <datafield tag="961" ind1=" " ind2=" ">
    <subfield code="c">2009-12-21</subfield>
  </datafield>
  <datafield tag="961" ind1=" " ind2=" ">
    <subfield code="x">1992-01-30</subfield>
  </datafield>
  <datafield tag="970" ind1=" " ind2=" ">
    <subfield code="a">INST-43192</subfield>
  </datafield>
  <datafield tag="667" ind1=" " ind2=" ">
    <subfield code="a">U.of Ottawa &amp; Carleto U. link to form this Inst. The current director is Dr. Serge Desgreniers, U.of O., Ottawa, K1N 6N5</subfield>
  </datafield>
  <datafield tag="980" ind1=" " ind2=" ">
    <subfield code="b">PPF</subfield>
    <subfield code="b">WEB</subfield>
  </datafield>
  <datafield tag="980" ind1=" " ind2=" ">
    <subfield code="a">INSTITUTION</subfield>
  </datafield>
  <datafield tag="980" ind1=" " ind2=" ">
    <subfield code="a">CORE</subfield>
  </datafield>
  <datafield tag="856" ind1="4" ind2=" ">
    <subfield code="u">http://www.ocip.carleton.ca/</subfield>
  </datafield>
  <datafield tag="410" ind1=" " ind2=" ">
    <subfield code="g">Univ.</subfield>
  </datafield>
  <datafield tag="410" ind1=" " ind2=" ">
    <subfield code="9">DESY</subfield>
    <subfield code="a">Ottawa Carleton Inst. Phys.</subfield>
  </datafield>
  <datafield tag="110" ind1=" " ind2=" ">
    <subfield code="a">Ottawa-Carleton Institute for Physics (OCIP)</subfield>
    <subfield code="t">Ottawa Carleton Inst. Phys.</subfield>
    <subfield code="u">Ottawa Carleton Inst. Phys.</subfield>
  </datafield>
  <datafield tag="371" ind1=" " ind2=" ">
    <subfield code="a">Ottawa, Ontario K1S 5B6</subfield>
    <subfield code="b">Ottawa</subfield>
    <subfield code="d">Canada</subfield>
    <subfield code="e">K1S 5B6</subfield>
    <subfield code="g">CA</subfield>
  </datafield>
  <datafield tag="510" ind1=" " ind2=" ">
    <subfield code="0">903401</subfield>
    <subfield code="a">U. Otawa</subfield>
    <subfield code="w">r</subfield>
  </datafield>
  <datafield tag="510" ind1=" " ind2=" ">
    <subfield code="0">902717</subfield>
    <subfield code="a">Carleton U.</subfield>
    <subfield code="w">r</subfield>
  </datafield>
  <datafield tag="372" ind1=" " ind2=" ">
    <subfield code="a">University</subfield>
  </datafield>
  <datafield tag="034" ind1=" " ind2=" ">
    <subfield code="d">-75.699226</subfield>
    <subfield code="f">45.386147</subfield>
  </datafield>
</record>