<record>
  <datafield tag="043" ind1=" " ind2=" ">
    <subfield code="t">+01</subfield>
  </datafield>
  <datafield tag="110" ind1=" " ind2=" ">
    <subfield code="u">ISO, Geneva</subfield>
  </datafield>
  <datafield tag="980" ind1=" " ind2=" ">
    <subfield code="b">NON-PPF</subfield>
  </datafield>
  <datafield tag="410" ind1=" " ind2=" ">
    <subfield code="g">Intl., Org.</subfield>
  </datafield>
  <datafield tag="961" ind1=" " ind2=" ">
    <subfield code="c">2007-12-11</subfield>
  </datafield>
  <datafield tag="961" ind1=" " ind2=" ">
    <subfield code="x">1994-03-16</subfield>
  </datafield>
  <datafield tag="970" ind1=" " ind2=" ">
    <subfield code="a">INST-48887</subfield>
  </datafield>
  <datafield tag="371" ind1=" " ind2=" ">
    <subfield code="g">CH</subfield>
    <subfield code="a">International Standards Organization</subfield>
    <subfield code="f">International Standards Organization</subfield>
    <subfield code="a">Geneva, Switzerland</subfield>
    <subfield code="f">Geneva, Switzerland</subfield>
    <subfield code="c">  </subfield>
    <subfield code="b">Geneva</subfield>
  </datafield>
  <datafield tag="980" ind1=" " ind2=" ">
    <subfield code="a">INSTITUTION</subfield>
  </datafield>
</record>