<record>
  <datafield tag="856" ind1="4" ind2=" ">
    <subfield code="u">http://www.elettrotecnica.unina.it</subfield>
  </datafield>
  <datafield tag="595" ind1=" " ind2=" ">
    <subfield code="a">Address impossible to be verified - CC</subfield>
  </datafield>
  <datafield tag="961" ind1=" " ind2=" ">
    <subfield code="c">2007-12-11</subfield>
  </datafield>
  <datafield tag="961" ind1=" " ind2=" ">
    <subfield code="x">1989-08-09</subfield>
  </datafield>
  <datafield tag="970" ind1=" " ind2=" ">
    <subfield code="a">INST-25615</subfield>
  </datafield>
  <datafield tag="980" ind1=" " ind2=" ">
    <subfield code="b">NON-PPF</subfield>
  </datafield>
  <datafield tag="980" ind1=" " ind2=" ">
    <subfield code="a">INSTITUTION</subfield>
  </datafield>
  <datafield tag="410" ind1=" " ind2=" ">
    <subfield code="g">Univ., dipt.</subfield>
  </datafield>
  <datafield tag="410" ind1=" " ind2=" ">
    <subfield code="a">University of Naples, Department Ingeneria Electric Electrotechnic</subfield>
  </datafield>
  <datafield tag="110" ind1=" " ind2=" ">
    <subfield code="a">Universita degli Studi di Napoli</subfield>
    <subfield code="b">Dipartimento Ingeneria Elettrica Elettrotecnica</subfield>
    <subfield code="t">U. Naples, Dept. Electrotech.</subfield>
    <subfield code="u">Naples U., Ist. Elettrotecnica</subfield>
  </datafield>
  <datafield tag="371" ind1=" " ind2=" ">
    <subfield code="a">via Claudio 21</subfield>
    <subfield code="a">I-80138 Napoli</subfield>
    <subfield code="b">Naples</subfield>
    <subfield code="d">Italy</subfield>
    <subfield code="e">80138</subfield>
    <subfield code="g">IT</subfield>
  </datafield>
  <datafield tag="510" ind1=" " ind2=" ">
    <subfield code="0">929467</subfield>
    <subfield code="a">U. Naples</subfield>
    <subfield code="w">t</subfield>
  </datafield>
  <datafield tag="372" ind1=" " ind2=" ">
    <subfield code="a">University</subfield>
  </datafield>
  <datafield tag="043" ind1=" " ind2=" ">
    <subfield code="t">+01</subfield>
  </datafield>
</record>