<record>
  <datafield tag="043" ind1=" " ind2=" ">
    <subfield code="t">+08</subfield>
  </datafield>
  <datafield tag="110" ind1=" " ind2=" ">
    <subfield code="u">Shanghai Jianqiao Coll.</subfield>
  </datafield>
  <datafield tag="980" ind1=" " ind2=" ">
    <subfield code="b">NON-PPF</subfield>
  </datafield>
  <datafield tag="856" ind1="4" ind2=" ">
    <subfield code="u">http://www.gench.com.cn/enweb/</subfield>
  </datafield>
  <datafield tag="961" ind1=" " ind2=" ">
    <subfield code="c">2010-08-06</subfield>
  </datafield>
  <datafield tag="961" ind1=" " ind2=" ">
    <subfield code="x">2010-08-06</subfield>
  </datafield>
  <datafield tag="970" ind1=" " ind2=" ">
    <subfield code="a">INST-113816</subfield>
  </datafield>
  <datafield tag="410" ind1=" " ind2=" ">
    <subfield code="g">People's Republic of</subfield>
    <subfield code="g">PR</subfield>
  </datafield>
  <datafield tag="371" ind1=" " ind2=" ">
    <subfield code="g">CN</subfield>
    <subfield code="a">Shanghai Jianqiao College</subfield>
    <subfield code="f">Shanghai Jianqiao College</subfield>
    <subfield code="a">1500 Kangqiao Road</subfield>
    <subfield code="f">1500 Kangqiao Road</subfield>
    <subfield code="a">Pudong, Shanghai 201319</subfield>
    <subfield code="f">Pudong, Shanghai 201319</subfield>
    <subfield code="a">China</subfield>
    <subfield code="f">China</subfield>
    <subfield code="b">Shanghai</subfield>
  </datafield>
  <datafield tag="980" ind1=" " ind2=" ">
    <subfield code="a">INSTITUTION</subfield>
  </datafield>
</record>