<record>
  <datafield tag="043" ind1=" " ind2=" ">
    <subfield code="t">+01</subfield>
  </datafield>
  <datafield tag="110" ind1=" " ind2=" ">
    <subfield code="u">ING, Rome</subfield>
  </datafield>
  <datafield tag="980" ind1=" " ind2=" ">
    <subfield code="b">NON-PPF</subfield>
    <subfield code="b">WEB</subfield>
  </datafield>
  <datafield tag="856" ind1="4" ind2=" ">
    <subfield code="u">http://www.ingv.it/</subfield>
  </datafield>
  <datafield tag="961" ind1=" " ind2=" ">
    <subfield code="c">2009-10-19</subfield>
  </datafield>
  <datafield tag="961" ind1=" " ind2=" ">
    <subfield code="x">2000-02-16</subfield>
  </datafield>
  <datafield tag="970" ind1=" " ind2=" ">
    <subfield code="a">INST-66150</subfield>
  </datafield>
  <datafield tag="410" ind1=" " ind2=" ">
    <subfield code="g">Rome, Inst., Institute, Natl.</subfield>
    <subfield code="g">INGV</subfield>
  </datafield>
  <datafield tag="410" ind1=" " ind2=" ">
    <subfield code="a">Rome Nat. Inst. Geophys.</subfield>
    <subfield code="9">DESY</subfield>
  </datafield>
  <datafield tag="371" ind1=" " ind2=" ">
    <subfield code="g">IT</subfield>
    <subfield code="a">Instituto Nazionale di Geofisica</subfield>
    <subfield code="f">Instituto Nazionale di Geofisica</subfield>
    <subfield code="a">e Vulcanologia (ING)</subfield>
    <subfield code="f">e Vulcanologia (ING)</subfield>
    <subfield code="a">Via di Vigna Murata 605</subfield>
    <subfield code="f">Via di Vigna Murata 605</subfield>
    <subfield code="a">00143 Roma ITALY</subfield>
    <subfield code="f">00143 Roma ITALY</subfield>
    <subfield code="c">  </subfield>
    <subfield code="b">Rome</subfield>
  </datafield>
  <datafield tag="980" ind1=" " ind2=" ">
    <subfield code="a">INSTITUTION</subfield>
  </datafield>
</record>