<record>
  <datafield tag="043" ind1=" " ind2=" ">
    <subfield code="t">+01</subfield>
  </datafield>
  <datafield tag="110" ind1=" " ind2=" ">
    <subfield code="u">Linkoping U., Math. Inst.</subfield>
  </datafield>
  <datafield tag="980" ind1=" " ind2=" ">
    <subfield code="b">PPF</subfield>
    <subfield code="b">WEB</subfield>
  </datafield>
  <datafield tag="667" ind1=" " ind2=" ">
    <subfield code="a">Mat. Inst. in Swedish is same as Dept. of Math. in English</subfield>
  </datafield>
  <datafield tag="856" ind1="4" ind2=" ">
    <subfield code="u">http://www.mai.liu.se/</subfield>
  </datafield>
  <datafield tag="961" ind1=" " ind2=" ">
    <subfield code="c">2007-12-11</subfield>
  </datafield>
  <datafield tag="961" ind1=" " ind2=" ">
    <subfield code="x">2004-06-18</subfield>
  </datafield>
  <datafield tag="970" ind1=" " ind2=" ">
    <subfield code="a">INST-82813</subfield>
  </datafield>
  <datafield tag="410" ind1=" " ind2=" ">
    <subfield code="g">Department Mathematics</subfield>
    <subfield code="g">Dept. of Math.</subfield>
    <subfield code="g">Univ., University, Institute</subfield>
    <subfield code="g">Maths</subfield>
  </datafield>
  <datafield tag="371" ind1=" " ind2=" ">
    <subfield code="g">SE</subfield>
    <subfield code="a">Linkopings Universitet</subfield>
    <subfield code="f">Linkopings Universitet</subfield>
    <subfield code="a">Matematiska Institutionen (MAI)</subfield>
    <subfield code="f">Matematiska Institutionen (MAI)</subfield>
    <subfield code="a">SE-581 83 Linkoping</subfield>
    <subfield code="f">SE-581 83 Linkoping</subfield>
    <subfield code="a">SWEDEN</subfield>
    <subfield code="f">SWEDEN</subfield>
    <subfield code="c">  </subfield>
    <subfield code="b">Linkoping</subfield>
  </datafield>
  <datafield tag="372" ind1=" " ind2=" ">
    <subfield code="a">University</subfield>
  </datafield>
  <datafield tag="980" ind1=" " ind2=" ">
    <subfield code="a">INSTITUTION</subfield>
  </datafield>
</record>