
<record>
  <controlfield tag="005">20120920224030.0</controlfield>
  <datafield tag="270" ind1=" " ind2=" ">
    <subfield code="m">Carpenter.690@osu.edu</subfield>
    <subfield code="o">Carpenter.690@osu.edu</subfield>
    <subfield code="p">Linda M. Carpenter</subfield>
  </datafield>
  <datafield tag="650" ind1="1" ind2="7">
    <subfield code="a">hep-ph</subfield>
  </datafield>
  <datafield tag="650" ind1="1" ind2="7">
    <subfield code="a">hep-th</subfield>
  </datafield>
  <datafield tag="980" ind1=" " ind2=" ">
    <subfield code="a">JOB</subfield>
  </datafield>
  <datafield tag="245" ind1=" " ind2=" ">
    <subfield code="a">Theoretical particle physics/particle astrophysics</subfield>
  </datafield>
  <datafield tag="520" ind1=" " ind2=" ">
    <subfield code="a">The High Energy Theory group at the The Ohio State University invites applications for a postdoctoral research position in starting in Fall 2013. Applications will be considered with interest in particle physics including phenomenology and collider physics, model building, quantum field theory, and particle astrophysics. The available position is for two years, with a third year contingent on the availability of funding.  &lt;p> Applicants should submit  a CV, list of publications, and statement of research interests, along with three letters of recommendation.  Applications should be submitted via email to:  Carpenter.690@osu.edu  Applications are due by Dec. 15th 2012.</subfield>
  </datafield>
  <datafield tag="110" ind1=" " ind2=" ">
    <subfield code="a">Ohio State U.</subfield>
  </datafield>
  <datafield tag="046" ind1=" " ind2=" ">
    <subfield code="i">2012-12-15</subfield>
  </datafield>
  <datafield tag="043" ind1=" " ind2=" ">
    <subfield code="a">North America</subfield>
  </datafield>
  <datafield tag="037" ind1=" " ind2=" ">
    <subfield code="a">JOBSUBMIT-JOB-2012-502</subfield>
  </datafield>
  <datafield tag="656" ind1=" " ind2=" ">
    <subfield code="a">Postdoc</subfield>
  </datafield>
</record>