<record>
  <datafield tag="970" ind1=" " ind2=" ">
    <subfield code="a">JOBS-97934</subfield>
  </datafield>
  <datafield tag="245" ind1=" " ind2=" ">
    <subfield code="a">Holonomy groups in Lorentzian geometry (17059)</subfield>
  </datafield>
  <datafield tag="270" ind1=" " ind2=" ">
    <subfield code="m">thomas.leistner@adelaide.edu.au</subfield>
  </datafield>
  <datafield tag="856" ind1="4" ind2=" ">
    <subfield code="u">http://www.adelaide.edu.au/jobs/current/17059/</subfield>
  </datafield>
  <datafield tag="656" ind1=" " ind2=" ">
    <subfield code="a">Postdoc</subfield>
  </datafield>
  <datafield tag="650" ind1="1" ind2="7">
    <subfield code="a">math</subfield>
  </datafield>
  <datafield tag="270" ind1=" " ind2=" ">
    <subfield code="p">Leistner, Thomas</subfield>
  </datafield>
  <datafield tag="520" ind1=" " ind2=" ">
    <subfield code="a">A research associate position in differential geometry is available in the School of Mathematical Sciences at the University of Adelaide. The position is funded from the ARC Discovery Project ''Holonomy groups in Lorentzian geometry''. The project is in the area of differential geometry with the aim to study holonomy groups and special geometric structures in Lorentzian, semi-Riemannian and conformal geometry. &lt;p> Salary: (Level A) $54,382-$73,800 per annum. A minimum of $68,751 (Level A, Step 6) is payable to the holder of a PhD. Plus an employer superannuation contribution of 17% applies. &lt;p> This fixed-term position is available from early 2012 for a period of 32 months. &lt;p> For further information, and to apply, please see the url below.</subfield>
  </datafield>
  <datafield tag="110" ind1=" " ind2=" ">
    <subfield code="a">Adelaide U.</subfield>
  </datafield>
  <datafield tag="046" ind1=" " ind2=" ">
    <subfield code="i">2012-01-20</subfield>
  </datafield>
  <datafield tag="040" ind1=" " ind2=" ">
    <subfield code="a">au</subfield>
  </datafield>
  <datafield tag="043" ind1=" " ind2=" ">
    <subfield code="a">Australasia</subfield>
  </datafield>
  <datafield tag="961" ind1=" " ind2=" ">
    <subfield code="x">2011-11-23</subfield>
  </datafield>
  <datafield tag="961" ind1=" " ind2=" ">
    <subfield code="c">2011-11-23</subfield>
  </datafield>
  <datafield tag="980" ind1=" " ind2=" ">
    <subfield code="a">JOB</subfield>
  </datafield>
</record>