<record>
  <controlfield tag="005">20120404205919.0</controlfield>
  <datafield tag="270" ind1=" " ind2=" ">
    <subfield code="m">Thomas.Quella@uni-koeln.de</subfield>
    <subfield code="p">Thomas Quella</subfield>
  </datafield>
  <datafield tag="856" ind1="4" ind2=" ">
    <subfield code="u">http://www.thp.uni-koeln.de/~tquella</subfield>
  </datafield>
  <datafield tag="961" ind1=" " ind2=" ">
    <subfield code="x">2012-04-04</subfield>
  </datafield>
  <datafield tag="961" ind1=" " ind2=" ">
    <subfield code="c">2012-04-04</subfield>
  </datafield>
  <datafield tag="980" ind1=" " ind2=" ">
    <subfield code="a">JOB</subfield>
  </datafield>
  <datafield tag="245" ind1=" " ind2=" ">
    <subfield code="a">PhD Positions in Mathematical Physics</subfield>
  </datafield>
  <datafield tag="650" ind1="1" ind2="7">
    <subfield code="a">cond-mat</subfield>
  </datafield>
  <datafield tag="650" ind1="1" ind2="7">
    <subfield code="a">hep-th</subfield>
  </datafield>
  <datafield tag="650" ind1="1" ind2="7">
    <subfield code="a">math-ph</subfield>
  </datafield>
  <datafield tag="520" ind1=" " ind2=" ">
    <subfield code="a">The Institute of Theoretical Physics at the University of Cologne offers up to two positions for promising Junior Researchers in Mathematical Physics. The job openings are &lt;p>PhD Positions (75% EG 13 TV-L),&lt;p> and they are limited to three years. The contracts should preferably begin in September or October 2012, but the precise starting date can be adjusted upon mutual agreement. The duties and responsibilities include contributions to the research and to the teaching at the Department. &lt;p>The positions are associated with a Junior Research Group in Mathematical Physics which is funded by Prof. Zirnbauer's Leibniz Award and led by Dr. Thomas Quella. The PhD projects will contribute to the research agenda of the group which includes topological phases of condensed matter systems, critical phenomena as well as conformal field theory and aspects of string theory. The group is participating in the activities of the Collaborative Research Center (SFB) Symmetries and Universality in Mesoscopic Systems and retains a close cooperation with the groups of Alexander Alldridge, Rochus Klesse and Martin Zirnbauer. &lt;p>Requirements:&lt;p> - A Master or a Diploma degree in Theoretical Physics or nearby branches of Mathematics (to be obtained before employment starts).&lt;br> - Outstanding academic achievements and grades. &lt;br>- A strong background in one or more of the following subjects: quantum field theory, condensed matter theory, statistical physics, quantum information theory. &lt;br>- Familiarity with advanced mathematics (e.g. group theory, differential geometry, topology) and a strong interest in working with mathematical structures.&lt;p> Benefits:&lt;p> - A first class environment with numerous activities and excellent opportunities for scientific interactions, both inside of our group and beyond. &lt;br >- Participation in the workshops and activities of the SFB Symmetries and Universality in Mesoscopic Systems. &lt;Br >- Competitive salary and generous support for attending schools, workshops and conferences. &lt;Br >- Additional benefits after admission to the Bonn-Cologne Graduate School of Physics and Astronomy (BCGS, separate application required). &lt;p>The University of Cologne is an equal opportunity employer in compliance with the German disability law. Applications from women and disabled persons are particularly welcome. &lt;p>Further inquiries can be addressed to Dr. Thomas Quella (MathPhys-Position@uni-koeln.de) to whom also the applications (a single pdf file consisting of a CV and supporting material) should be sent. The deadline for applications is May 15, 2012. Later applications will be considered until the positions have been filled.&lt;p> The supporting material should include a transcript of courses attended (with grades), the contact details of at least two referees (one of them being the thesis supervisor) who can comment on the candidates abilities and  a brief summary of the master/diploma thesis (or a full copy if available already).</subfield>
  </datafield>
  <datafield tag="110" ind1=" " ind2=" ">
    <subfield code="a">Cologne U.</subfield>
  </datafield>
  <datafield tag="046" ind1=" " ind2=" ">
    <subfield code="i">2012-05-15</subfield>
  </datafield>
  <datafield tag="043" ind1=" " ind2=" ">
    <subfield code="a">Europe</subfield>
  </datafield>
  <datafield tag="037" ind1=" " ind2=" ">
    <subfield code="a">JOBSUBMIT-JOB-2012-171</subfield>
  </datafield>
  <datafield tag="656" ind1=" " ind2=" ">
    <subfield code="a">Student</subfield>
  </datafield>
</record>