<record>
  <controlfield tag="005">20121106234603.0</controlfield>
  <datafield tag="270" ind1=" " ind2=" ">
    <subfield code="m">yhcutler@jlab.org</subfield>
    <subfield code="o">mfox@jlab.org</subfield>
    <subfield code="p">Yvonne Cutler</subfield>
  </datafield>
  <datafield tag="856" ind1="4" ind2=" ">
    <subfield code="u">www.jlab-jobs.com</subfield>
  </datafield>
  <datafield tag="980" ind1=" " ind2=" ">
    <subfield code="a">JOB</subfield>
  </datafield>
  <datafield tag="245" ind1=" " ind2=" ">
    <subfield code="a">Amplitude Analysis</subfield>
  </datafield>
  <datafield tag="520" ind1=" " ind2=" ">
    <subfield code="a">(TERM POSITION ENDING TWO YEARS FROM HIRE DATE)&lt;p> Jefferson Laboratory (JLab), Newport News, VA invites applications for post-doctoral positions in the JLab Physics Analysis Center to work specifically on Amplitude Analysis for baryon and meson production. Extracting the details of the hadron spectrum is a key component of the future program of the Lab and the search for gluonic excitations is a primary motivation for the present construction of the 12 GeV upgrade. The successful candidates will have a strong record of research accomplishments in theoretical or experimental physics, with some understanding of the theoretical and practical applications of partial wave analysis. A description of the Jefferson Laboratory Theory Center may be found at http://www.jlab.org/div_dept/theory/.&lt;p> PhD in nuclear or particle physics. The successful candidate(s) will have a strong record of research accomplishments in theoretical or experimental physics.&lt;p> Applicants should submit a curriculum vitae, with a description of their experience, especially that relevant to Amplitude Analyses, to Dr. Michael Pennington (michaelp@jlab.org).  Send copies of any recent (un)published work, and arrange to have three recommendation letters sent to mfox@jlab.org. In addition to working on Amplitude Analysis projects, the postholder will be free to spend up to 25% of their time on independent research either in theoretical hadron physics, or as part of one of the JLab experimental groups (and should indicate their preference in their application).&lt;p>     Contact: Michael Pennington&lt;br>     Email: michaelp@jlab.org&lt;br>     More Information: http://www.jlab-jobs.com/job/Newport-News-Post-Doctoral-Fellow-Theory-Center-Job-VA-23601/????? &lt;br>    Letters of Recommendation should be sent to: mfox@jlab.org &lt;p> For prompt consideration, apply on-line at www.jlab-jobs.com</subfield>
  </datafield>
  <datafield tag="110" ind1=" " ind2=" ">
    <subfield code="a">Jefferson Lab</subfield>
  </datafield>
  <datafield tag="650" ind1="1" ind2="7">
    <subfield code="a">physics-other</subfield>
  </datafield>
  <datafield tag="046" ind1=" " ind2=" ">
    <subfield code="i">2012-11-30</subfield>
  </datafield>
  <datafield tag="043" ind1=" " ind2=" ">
    <subfield code="a">North America</subfield>
  </datafield>
  <datafield tag="037" ind1=" " ind2=" ">
    <subfield code="a">JOBSUBMIT-JOB-2012-741</subfield>
  </datafield>
  <datafield tag="656" ind1=" " ind2=" ">
    <subfield code="a">Postdoc</subfield>
  </datafield>
</record>