<record>
  <datafield tag="970" ind1=" " ind2=" ">
    <subfield code="a">JOBS-97853</subfield>
  </datafield>
  <datafield tag="245" ind1=" " ind2=" ">
    <subfield code="a">Early Stage and Experienced Researcher fellowships in Particle Physics at the LHC</subfield>
  </datafield>
  <datafield tag="270" ind1=" " ind2=" ">
    <subfield code="m">german.rodrigo@csic.es</subfield>
  </datafield>
  <datafield tag="856" ind1="4" ind2=" ">
    <subfield code="u">http://www.lhcphenonet.eu/jobs</subfield>
  </datafield>
  <datafield tag="656" ind1=" " ind2=" ">
    <subfield code="a">Postdoc</subfield>
  </datafield>
  <datafield tag="656" ind1=" " ind2=" ">
    <subfield code="a">Student</subfield>
  </datafield>
  <datafield tag="650" ind1="1" ind2="7">
    <subfield code="a">hep-ph</subfield>
  </datafield>
  <datafield tag="650" ind1="1" ind2="7">
    <subfield code="a">hep-th</subfield>
  </datafield>
  <datafield tag="270" ind1=" " ind2=" ">
    <subfield code="p">Rodrigo, German</subfield>
  </datafield>
  <datafield tag="520" ind1=" " ind2=" ">
    <subfield code="a">&lt;img src='http://www.lhcphenonet.eu/fp7-small_en.gif' height='80'>&lt;img src='http://www.lhcphenonet.eu/logo_mc.jpg' height='80'>&lt;img src='http://www.lhcphenonet.eu/logo_LHCphenonet-negro300ppp.jpg' height='80'> &lt;p> &lt;h1 align='center'>Early Stage and Experienced Researcher fellowships &lt;br>&lt;br>in Particle Physics at the LHC&lt;/h1> &lt;p> &lt;p align='justify'>Applications are invited for several Early Stage Researcher (ESR) and Experienced Researcher (ER) fellowships in the field of particle physics at the LHC, to be funded by the Marie Curie Initial Training Network LHCPhenoNet, recently approved within the 7th Framework Programme of the European Commission.&lt;/p> &lt;p> &lt;p align='justify'>LHCPhenoNet (&lt;a href='http://www.lhcphenonet.eu'>http://www.lhcphenonet.eu&lt;/a>) is a consortium of several universities and research centres located in Spain, Argentina, France, Germany, Hungary, Italy, Netherlands, Poland, UK, Switzerland and Austria. It offers an excellent predoctoral and postdoctoral training environment in theoretical particle physics with emphasis on LHC phenomenology, addressing key issues at the interface to the experiments and in close collaboration with the developers of customized open source software in the field of symbolic manipulation and computer algebra.&lt;/p> &lt;p> &lt;p align='justify'>Positions, to be filled in the fall 2012 or earlier, are available at several research institutes across Europe. Travel to other nodes of the network and, in particular, short-term secondments to CERN and to our industrial partners Wolfram Research and Maplesoft are foreseen. &lt;/p> &lt;p> &lt;p align='justify'>Candidates are expected to have less than 5 years of full-time equivalent predoctoral and postdoctoral research experience at the selection time and must be eligible under the FP7 ITN mobility rules (see &lt;a href='http://www.lhcphenonet.eu/jobs'>http://www.lhcphenonet.eu/jobs&lt;/a> for more details). ESR or ER positions will be offered accordingly to qualifications. In both cases, the Marie Curie programme offers competitive salary and working conditions.&lt;/p> &lt;p> &lt;p align='justify'>Applicants should submit a Curriculum Vitae, including a list of publications and a statement of research interests, through this &lt;a href='http://www.lpthe.jussieu.fr/lhcphenonet_call4'>web application&lt;/a>. Please, indicate also a list of preferences concerning the place you want to apply and the email address of one to three referees.&lt;/p> &lt;p> &lt;p>The following positions are available&lt;/p> &lt;p> &lt;table> &lt;tr>&lt;td>Argentina&lt;/td> &lt;td>12 months ER&lt;/td> &lt;td>contact address defloATdf.uba.ar&lt;/td>&lt;/tr> &lt;tr>&lt;td>France&lt;/td> &lt;td>6 months ESR and 12 months ER (+ 12 on local funds)&lt;/td> &lt;td>contact address David.KosowerATcea.fr and Matteo.CacciariATlpthe.jussieu.fr, respectively&lt;/td>&lt;/tr> &lt;tr>&lt;td>Germany &lt;/td> &lt;td>12 months ESR and 12 months ER&lt;/td> &lt;td>contact address Sven-Olaf.MochATdesy.de&lt;/td>&lt;/tr> &lt;tr>&lt;td>Hungary&lt;/td> &lt;td>24 months ESR&lt;/td> &lt;td>contact address Zoltan.TrocsanyiATcern.ch&lt;/td>&lt;/tr> &lt;tr>&lt;td>Italy&lt;/td> &lt;td>6 to 15 months ESR&lt;/td> &lt;td>contact address Vittorio.Del.DucaATcern.ch&lt;/td>&lt;/tr> &lt;tr>&lt;td>Netherlands&lt;/td> &lt;td>12 months ER&lt;/td> &lt;td>contact address Eric Laenen (t45ATnikhef.nl)&lt;/td>&lt;/tr> &lt;tr>&lt;td>UK&lt;/td> &lt;td>12 months ESR and 12 months ER&lt;/td> &lt;td>contact address Adrian.SignerATdurham.ac.uk and Daniel.MaitreATdurham.ac.uk&lt;/td>&lt;/tr> &lt;tr>&lt;td>Switzerland&lt;/td> &lt;td>12 months ESR and 12 months ER (+12 on local funds)&lt;/td> &lt;td>contact address Thomas.GehrmannATphysik.uzh.ch&lt;/td>&lt;/tr> &lt;tr>&lt;td>Austria&lt;/td> &lt;td>24 months ESR&lt;/td> &lt;td>contact address Carsten.SchneiderATrisc.uni-linz.ac.at&lt;/td>&lt;/tr> &lt;p> &lt;/table> &lt;p> &lt;p align='justify'>Recruitment at LHCPhenoNet will follow an equal opportunity policy.&lt;/p> &lt;p> &lt;p align='justify'>Positions will remain open until filled.&lt;/p> &lt;p> &lt;p align='justify'>&lt;b>Early-stage researchers (ESR) &lt;/b>are those who are, at the time of selection by the host institution, in the first four years (full-time equivalent) of their research careers. This is measured from the date when they obtained the degree which formally entitles them to embark on a doctorate, either in the country in which the degree was obtained or in the country in which the research training is provided, irrespective of whether or not a doctorate was envisaged.&lt;/p> &lt;p> &lt;p align='justify'>&lt;b>Experienced researchers (ER)&lt;/b> must, at the time of selection by the host organisation: - either be in possession of a doctoral degree, irrespective of the time taken to acquire it, - or have at least four years of full-time equivalent research experience. In both cases, they should have less than 5 years of full-time equivalent research experience. This is measured from the date when they obtained the degree which formally entitles them to embark on a doctorate, either in the country in which the degree was obtained or in the country in which the research training is provided, irrespective of whether or not a doctorate was envisaged.&lt;/p> &lt;p> &lt;h4>Conditions of mobility of researchers&lt;/h3> &lt;p> &lt;p align='justify'>Researchers are normally required to undertake trans-national mobility (i.e. move from one country to another) when taking up their appointment. At the time of selection by the host organisation, researchers must not have resided or carried out their main activity (work, studies, etc.) in the country of their host organisation for more than 12 months in the 3 years immediately prior to their recruitment. Short stays, such as holidays, are not taken into account. &lt;/p></subfield>
  </datafield>
  <datafield tag="110" ind1=" " ind2=" ">
    <subfield code="a">Several institutions Europe</subfield>
  </datafield>
  <datafield tag="046" ind1=" " ind2=" ">
    <subfield code="l">http://www.lpthe.jussieu.fr/lhcphenonet_call4</subfield>
  </datafield>
  <datafield tag="046" ind1=" " ind2=" ">
    <subfield code="i">2011-12-25</subfield>
  </datafield>
  <datafield tag="043" ind1=" " ind2=" ">
    <subfield code="a">Europe</subfield>
  </datafield>
  <datafield tag="040" ind1=" " ind2=" ">
    <subfield code="a">webform</subfield>
  </datafield>
  <datafield tag="961" ind1=" " ind2=" ">
    <subfield code="x">2011-11-23</subfield>
  </datafield>
  <datafield tag="961" ind1=" " ind2=" ">
    <subfield code="c">2011-11-23</subfield>
  </datafield>
  <datafield tag="980" ind1=" " ind2=" ">
    <subfield code="a">JOB</subfield>
  </datafield>
</record>