<record>
  <datafield tag="970" ind1=" " ind2=" ">
    <subfield code="a">JOBS-84298</subfield>
  </datafield>
  <datafield tag="245" ind1=" " ind2=" ">
    <subfield code="a">Superconductivity and cryogenic engineering for particle physics (ARL 10-3)</subfield>
  </datafield>
  <datafield tag="270" ind1=" " ind2=" ">
    <subfield code="m">akira.yamamoto@kek.jp</subfield>
  </datafield>
  <datafield tag="856" ind1="4" ind2=" ">
    <subfield code="u">http://www.kek.jp/intra-e/jobs/documents/raar10-3e.pdf</subfield>
  </datafield>
  <datafield tag="656" ind1=" " ind2=" ">
    <subfield code="a">Junior</subfield>
  </datafield>
  <datafield tag="650" ind1="1" ind2="7">
    <subfield code="a">physics.acc-phys</subfield>
  </datafield>
  <datafield tag="270" ind1=" " ind2=" ">
    <subfield code="p">Yamamoto, Akira</subfield>
  </datafield>
  <datafield tag="520" ind1=" " ind2=" ">
    <subfield code="a">The successful applicant will belong to Cryogenics Science Center of Applied Research Laboratory and&lt;br /> is expected to be involved in research and development of applied superconductivity and cryogenic engineering in particle accelerator and physics programs progressed at KEK. He/she is to be in charge of&lt;br /> technical development of superconducting devices and/or cryogenic equipments, required in the JPARC science programs, as well as contribution to operation, maintenance, and improvement of those systems. He/she is required to get necessary licenses/certifications for highpressure codes/regulations in Japan for the safe operations and maintenances. &lt;p> For further information, and to apply, please see the url below.</subfield>
  </datafield>
  <datafield tag="110" ind1=" " ind2=" ">
    <subfield code="a">KEK, Tsukuba</subfield>
  </datafield>
  <datafield tag="046" ind1=" " ind2=" ">
    <subfield code="l">jinji1@ml.post.kek.jp</subfield>
  </datafield>
  <datafield tag="046" ind1=" " ind2=" ">
    <subfield code="i">2010-12-27</subfield>
  </datafield>
  <datafield tag="043" ind1=" " ind2=" ">
    <subfield code="a">Asia</subfield>
  </datafield>
  <datafield tag="040" ind1=" " ind2=" ">
    <subfield code="a">japan</subfield>
  </datafield>
  <datafield tag="961" ind1=" " ind2=" ">
    <subfield code="x">2010-11-02</subfield>
  </datafield>
  <datafield tag="961" ind1=" " ind2=" ">
    <subfield code="c">2010-11-02</subfield>
  </datafield>
  <datafield tag="980" ind1=" " ind2=" ">
    <subfield code="a">JOB</subfield>
  </datafield>
</record>