<record>
  <datafield tag="970" ind1=" " ind2=" ">
    <subfield code="a">JOBS-95656</subfield>
  </datafield>
  <datafield tag="245" ind1=" " ind2=" ">
    <subfield code="a">Cosmology Postdoctoral Research Associate</subfield>
  </datafield>
  <datafield tag="270" ind1=" " ind2=" ">
    <subfield code="m">kari.enqvist@helsinki.fi</subfield>
  </datafield>
  <datafield tag="856" ind1="4" ind2=" ">
    <subfield code="u">http://www.helsinki.fi/~tfo_cosm/</subfield>
  </datafield>
  <datafield tag="656" ind1=" " ind2=" ">
    <subfield code="a">Postdoc</subfield>
  </datafield>
  <datafield tag="650" ind1="1" ind2="7">
    <subfield code="a">astro-ph</subfield>
  </datafield>
  <datafield tag="270" ind1=" " ind2=" ">
    <subfield code="p">Enqvist, Kari</subfield>
  </datafield>
  <datafield tag="520" ind1=" " ind2=" ">
    <subfield code="a">The Physics Department of the University of Helsinki invites applications for a post-doctoral position in cosmology, starting in fall 2012, with a research focus on the properties of the primordial perturbation, modified gravity and dark energy. The cosmology group at the University of Helsinki is a participant in the Planck Surveyor Mission and in the proposed ESA Euclid Mission. &lt;p> Applications containing a CV, list of publications and research proposal be sent by email to kari.enqvist@helsinki.fi &lt;p> The applicants should also arrange for three letters of recommendation being sent separately to the the above e-mail address. &lt;p> The initial appointment will be for one year and can be extended up to two years.</subfield>
  </datafield>
  <datafield tag="110" ind1=" " ind2=" ">
    <subfield code="a">Helsinki U.</subfield>
  </datafield>
  <datafield tag="046" ind1=" " ind2=" ">
    <subfield code="l">kari.enqvist@helsinki.fi</subfield>
  </datafield>
  <datafield tag="046" ind1=" " ind2=" ">
    <subfield code="i">2011-12-31</subfield>
  </datafield>
  <datafield tag="043" ind1=" " ind2=" ">
    <subfield code="a">Europe</subfield>
  </datafield>
  <datafield tag="040" ind1=" " ind2=" ">
    <subfield code="a">webform</subfield>
  </datafield>
  <datafield tag="961" ind1=" " ind2=" ">
    <subfield code="x">2011-10-26</subfield>
  </datafield>
  <datafield tag="961" ind1=" " ind2=" ">
    <subfield code="c">2011-10-26</subfield>
  </datafield>
  <datafield tag="980" ind1=" " ind2=" ">
    <subfield code="a">JOB</subfield>
  </datafield>
</record>