<record>
  <datafield tag="970" ind1=" " ind2=" ">
    <subfield code="a">JOBS-92622</subfield>
  </datafield>
  <datafield tag="245" ind1=" " ind2=" ">
    <subfield code="a">Cosmological Background Fields Young Investigator</subfield>
  </datafield>
  <datafield tag="270" ind1=" " ind2=" ">
    <subfield code="m">dieter.horns@desy.de</subfield>
  </datafield>
  <datafield tag="693" ind1=" " ind2=" ">
    <subfield code="e">HESS</subfield>
  </datafield>
  <datafield tag="856" ind1="4" ind2=" ">
    <subfield code="u">http://www-hess.desy.de</subfield>
  </datafield>
  <datafield tag="656" ind1=" " ind2=" ">
    <subfield code="a">Junior</subfield>
  </datafield>
  <datafield tag="650" ind1="1" ind2="7">
    <subfield code="a">astro-ph</subfield>
  </datafield>
  <datafield tag="270" ind1=" " ind2=" ">
    <subfield code="p">Horns, Dieter</subfield>
  </datafield>
  <datafield tag="520" ind1=" " ind2=" ">
    <subfield code="a">The university of Hamburg offers a position for a Young Investigator (group leader) salary group 14 TV-L with a starting date October 1st for the following project: &lt;br />* Cosmological Background fields and Dark Matter in the Early Universeb within the Hamburg Excellence Cluster: Connecting Particles with the Cosmos. The position calls for 39 hours per week. The short-term contract will end on 31.12.2012 (see also 2, Abs. 1 of the Academic Fixed-Term Contract Law (Wissenschaftszeitvertragsgesetz))</subfield>
  </datafield>
  <datafield tag="110" ind1=" " ind2=" ">
    <subfield code="a">Hamburg U., Inst. Exp. Phys. II</subfield>
  </datafield>
  <datafield tag="046" ind1=" " ind2=" ">
    <subfield code="l">dieter.horns@desy.de</subfield>
  </datafield>
  <datafield tag="046" ind1=" " ind2=" ">
    <subfield code="i">2011-08-15</subfield>
  </datafield>
  <datafield tag="043" ind1=" " ind2=" ">
    <subfield code="a">Europe</subfield>
  </datafield>
  <datafield tag="040" ind1=" " ind2=" ">
    <subfield code="a">webform</subfield>
  </datafield>
  <datafield tag="961" ind1=" " ind2=" ">
    <subfield code="x">2011-07-21</subfield>
  </datafield>
  <datafield tag="961" ind1=" " ind2=" ">
    <subfield code="c">2011-07-21</subfield>
  </datafield>
  <datafield tag="980" ind1=" " ind2=" ">
    <subfield code="a">JOB</subfield>
  </datafield>
</record>