<record>
  <datafield tag="970" ind1=" " ind2=" ">
    <subfield code="a">JOBS-93033</subfield>
  </datafield>
  <datafield tag="245" ind1=" " ind2=" ">
    <subfield code="a">MicroBooNE Research Associate</subfield>
  </datafield>
  <datafield tag="270" ind1=" " ind2=" ">
    <subfield code="m">msoderbe@syr.edu</subfield>
  </datafield>
  <datafield tag="693" ind1=" " ind2=" ">
    <subfield code="e">FNAL-E-0974 FNAL-T-0962 LBNE</subfield>
  </datafield>
  <datafield tag="856" ind1="4" ind2=" ">
    <subfield code="u">www.sujobopps.com</subfield>
  </datafield>
  <datafield tag="656" ind1=" " ind2=" ">
    <subfield code="a">Postdoc</subfield>
  </datafield>
  <datafield tag="650" ind1="1" ind2="7">
    <subfield code="a">hep-ex</subfield>
  </datafield>
  <datafield tag="270" ind1=" " ind2=" ">
    <subfield code="p">Soderberg, Mitchell</subfield>
  </datafield>
  <datafield tag="520" ind1=" " ind2=" ">
    <subfield code="a">The Physics Department at Syracuse University invites applications for a postdoctoral position to wok on the MicroBooNE experiment at Fermilab. MicroBooNE is a 100-ton liquid argon neutrino detector that will begin operating at Fermilab in late 2013, and will perform cross-section measurements as well as study neutrino oscillations. The successful candidate will likely be based at Fermilab and will play a major role in the development, construction, testing, and analysis of the MicroBooNE experiment and will also have the opportunity to contribute to studies for related neutrino experiments (ArgoNeuT and LBNE) that Syracuse is involved with. For full consideration, qualified candidates must complete an online application at www.sujobopps.com, Job. #027991 and attach their CV, list of publications, statement of qualifications, and e-mail address of three references. Review of applications will begin immediately and will continue until the position is filled. Please contact Pro. Mitch Soderberg (msoderbe@syr.edu) with any questions. Syracuse University is an affirmative action/equal opportunity employer.</subfield>
  </datafield>
  <datafield tag="110" ind1=" " ind2=" ">
    <subfield code="a">Syracuse U.</subfield>
  </datafield>
  <datafield tag="046" ind1=" " ind2=" ">
    <subfield code="l">www.sujobopps.com</subfield>
  </datafield>
  <datafield tag="046" ind1=" " ind2=" ">
    <subfield code="i">2011-09-30</subfield>
  </datafield>
  <datafield tag="043" ind1=" " ind2=" ">
    <subfield code="a">North America</subfield>
  </datafield>
  <datafield tag="040" ind1=" " ind2=" ">
    <subfield code="a">webform</subfield>
  </datafield>
  <datafield tag="961" ind1=" " ind2=" ">
    <subfield code="x">2011-08-08</subfield>
  </datafield>
  <datafield tag="961" ind1=" " ind2=" ">
    <subfield code="c">2011-08-08</subfield>
  </datafield>
  <datafield tag="980" ind1=" " ind2=" ">
    <subfield code="a">JOB</subfield>
  </datafield>
</record>