<record>
  <controlfield tag="005">20121112222813.0</controlfield>
  <datafield tag="270" ind1=" " ind2=" ">
    <subfield code="m">pkraus@ucla.edu</subfield>
    <subfield code="p">Michael Gutperle</subfield>
  </datafield>
  <datafield tag="856" ind1="4" ind2=" ">
    <subfield code="u">https://academicjobsonline.org/ajo/jobs/2320</subfield>
  </datafield>
  <datafield tag="650" ind1="1" ind2="7">
    <subfield code="a">hep-th</subfield>
  </datafield>
  <datafield tag="980" ind1=" " ind2=" ">
    <subfield code="a">JOB</subfield>
  </datafield>
  <datafield tag="245" ind1=" " ind2=" ">
    <subfield code="a">Theoretical Particle Physics</subfield>
  </datafield>
  <datafield tag="520" ind1=" " ind2=" ">
    <subfield code="a">The string theory group at the Department of Physics and Astronomy, University of California, Los Angeles, invites applications for a postdoctoral position starting Sept 2013. The appointment is for up to three years, depending on the continuation of funding. The group consists of Eric D'Hoker, Per Kraus and Michael Gutperle and has interests in black holes, AdS/CFT, applications of gauge gravity dualities to condensed matter, string perturbation theory and mathematical physics. &lt;p>For full consideration applications should be received by Dec 7 2012.&lt;p> Applicants should submit a curriculum vitae, including a list of publications and a statement of research interests, and three letters of recommendation to Academic Jobs Online, at www.academicjobsonline.org Please do not mail or email a copy of the application. Any questions or inquiries can be addressed to Per Kraus (pkraus@ucla.edu). Items to be submitted online: Curriculum Vitae Research Statement Publication List 3 Reference Letters (to be submitted by the references)</subfield>
  </datafield>
  <datafield tag="110" ind1=" " ind2=" ">
    <subfield code="a">UCLA</subfield>
  </datafield>
  <datafield tag="046" ind1=" " ind2=" ">
    <subfield code="i">2012-12-07</subfield>
  </datafield>
  <datafield tag="043" ind1=" " ind2=" ">
    <subfield code="a">North America</subfield>
  </datafield>
  <datafield tag="037" ind1=" " ind2=" ">
    <subfield code="a">JOBSUBMIT-JOB-2012-758</subfield>
  </datafield>
  <datafield tag="656" ind1=" " ind2=" ">
    <subfield code="a">Postdoc</subfield>
  </datafield>
</record>