<record>
  <datafield tag="970" ind1=" " ind2=" ">
    <subfield code="a">JOBS-93637</subfield>
  </datafield>
  <datafield tag="245" ind1=" " ind2=" ">
    <subfield code="a">SuperCDMS Dark Matter Search Experiment Postdoctoral Research Affiliate</subfield>
  </datafield>
  <datafield tag="270" ind1=" " ind2=" ">
    <subfield code="m">mkeating@stanford.edu</subfield>
  </datafield>
  <datafield tag="656" ind1=" " ind2=" ">
    <subfield code="a">Postdoc</subfield>
  </datafield>
  <datafield tag="650" ind1="1" ind2="7">
    <subfield code="a">hep-ph</subfield>
  </datafield>
  <datafield tag="270" ind1=" " ind2=" ">
    <subfield code="p">Keating, Marcia</subfield>
  </datafield>
  <datafield tag="520" ind1=" " ind2=" ">
    <subfield code="a">Postdoctoral position at Stanford University on SuperCDMS dark matter search experiment &lt;p> The group of Prof. Blas Cabrera at Stanford University is inviting applicants for a postdoctoral fellowship position starting as early as October 2011, to work on the SuperCDMS (cryogenic dark matter search) experiment which is the next phase of a search for dark matter in the form of weakly interacting particles or WIMPs. The CDMS II experiment, with its data runs completed at the end of calendar 2008, was operated in the Soudan mine in northern Minnesota. SuperCDMS will use the same facility but use a new set of 15 germanium detectors mounted in five towers of three detectors each. Installation of the detector payload will begin in October, 2011. The data runs for SuperCDMS Soudan will be completed around the end of calendar year 2012. The Stanford group in collaboration with the SLAC CDMS group is involved in detector fabrication and testing, low-level radioactivity measurements, Monte Carlo analysis simulations, and detailed data analysis of the detector performance and WIMP search results. The research work will take place at Stanford University and at the Soudan mine in Minnesota. &lt;p> The successful candidate should have a background in one or more of the following research areas: experimental particle astrophysics, experimental nuclear or particle physics, or experimental condensed matter physics. Consideration will be given to hardware experience, experience in cryogenic detector operation and development, experience in statistical data analysis and Monte Carlo simulations, and experience in low-background counting. The research focus during the three-year appointment will depend on the interests and qualifications of the successful candidate. Candidates need to have, or be in the final stages of completing, a Ph.D. in physics. To apply send a letter indicating your qualifications, a current C.V. with educational background, degree dates, research experience, conference presentations, and publications. Please have at least three letters of reference sent directly to: Marcia Keating, Physics Department, Stanford University, Stanford, CA 94305 or mkeating@stanford.edu. Applications will be accepted through October 15, 2011 or until the position is filled. &lt;p> Women and minorities are especially encouraged to apply. Stanford University is an equal opportunity employer.</subfield>
  </datafield>
  <datafield tag="110" ind1=" " ind2=" ">
    <subfield code="a">Stanford U., Phys. Dept.</subfield>
  </datafield>
  <datafield tag="046" ind1=" " ind2=" ">
    <subfield code="l">mkeating@stanford.edu</subfield>
  </datafield>
  <datafield tag="046" ind1=" " ind2=" ">
    <subfield code="i">2011-10-15</subfield>
  </datafield>
  <datafield tag="043" ind1=" " ind2=" ">
    <subfield code="a">North America</subfield>
  </datafield>
  <datafield tag="040" ind1=" " ind2=" ">
    <subfield code="a">webform</subfield>
  </datafield>
  <datafield tag="961" ind1=" " ind2=" ">
    <subfield code="x">2011-09-02</subfield>
  </datafield>
  <datafield tag="961" ind1=" " ind2=" ">
    <subfield code="c">2011-09-02</subfield>
  </datafield>
  <datafield tag="980" ind1=" " ind2=" ">
    <subfield code="a">JOB</subfield>
  </datafield>
</record>