<record>
  <controlfield tag="005">20121003231440.0</controlfield>
  <datafield tag="245" ind1=" " ind2=" ">
    <subfield code="a">Theoretical Astroparticle Physics</subfield>
  </datafield>
  <datafield tag="856" ind1="4" ind2=" ">
    <subfield code="u">http://grappa.science.uva.nl/</subfield>
  </datafield>
  <datafield tag="980" ind1=" " ind2=" ">
    <subfield code="a">JOB</subfield>
  </datafield>
  <datafield tag="270" ind1=" " ind2=" ">
    <subfield code="m">g.bertone@uva.nl</subfield>
    <subfield code="o">g.bertone@uva.nl, s.ando@uva.nl</subfield>
    <subfield code="p">Gianfranco Bertone</subfield>
  </datafield>
  <datafield tag="520" ind1=" " ind2=" ">
    <subfield code="a">The GRAPPA (Gravitation AstroParticle Physics Amsterdam) Institute is a collaboration between the institutes for Theoretical Physics, Astronomy and High Energy Physics at the Science Faculty of the University of Amsterdam (http://grappa.science.uva.nl/). Six recently hired faculty members are active: Shinichiro Ando, David Berge, Gianfranco Bertone, Patrick Decowski, Ben Freivogel, Jacco Vink. Their research interests include dark matter, dark energy, neutrinos, and cosmic rays, with a focus on both theoretical modeling of astrophysical source physics as well as (in)direct detection. In addition, there are about 15 affiliated GRAPPA faculty from the collaborating institutes, who are involved with experimental work on Antares/KM3NeT, ATLAS, CTA, LOFAR and XENON100/XENON1T, as well as theory.&lt;p>We invite applications for postdoctoral positions in theoretical astroparticle physics, associated with Shinichiro Ando and Gianfranco Bertone. The targeted area of research is theoretical/phenomenological study of dark matter searches from colliders, direct detection experiments, and gamma-ray telescopes. Candidates already having experience in these fields are preferred, but those who have shown excellence in different fields and are willing to broaden their research interest are also encouraged to apply. The appointment is for two years (with a possible extension to a third year depending on the financial situation), with a salary set by the Dutch labor law, and funds for travel, computers, etc.&lt;p>Candidates should send a research statement (maximum 4 pages) and a curriculum vitae including publications to s.ando@uva.nl, with the subject GRAPPA Theory Postdoc. Candidates should also ensure that three letters of recommendation are sent to the same address by the deadline, December 1, 2012. Exceptional applications will also be considered for the GRAPPA Fellowship.&lt;p>Further questions about the theory positions can be addressed to Drs. Shinichiro Ando (s.ando@uva.nl) and Gianfranco Bertone (g.bertone@uva.nl).</subfield>
  </datafield>
  <datafield tag="110" ind1=" " ind2=" ">
    <subfield code="a">Amsterdam U.</subfield>
  </datafield>
  <datafield tag="650" ind1="1" ind2="7">
    <subfield code="a">astro-ph</subfield>
  </datafield>
  <datafield tag="650" ind1="1" ind2="7">
    <subfield code="a">hep-ph</subfield>
  </datafield>
  <datafield tag="046" ind1=" " ind2=" ">
    <subfield code="i">2012-12-01</subfield>
  </datafield>
  <datafield tag="043" ind1=" " ind2=" ">
    <subfield code="a">Europe</subfield>
  </datafield>
  <datafield tag="037" ind1=" " ind2=" ">
    <subfield code="a">JOBSUBMIT-JOB-2012-561</subfield>
  </datafield>
  <datafield tag="656" ind1=" " ind2=" ">
    <subfield code="a">Postdoc</subfield>
  </datafield>
</record>