<record>
  <datafield tag="245" ind1=" " ind2=" ">
    <subfield code="a">Weak radio lensing (EPS-00329)</subfield>
  </datafield>
  <datafield tag="856" ind1="4" ind2=" ">
    <subfield code="u">https://www.jobtrain.co.uk/universityofmanchester/DisplayJob.aspx?htmlpage=JobDisplay&amp;Jobid=16274</subfield>
  </datafield>
  <datafield tag="980" ind1=" " ind2=" ">
    <subfield code="a">JOB</subfield>
  </datafield>
  <datafield tag="270" ind1=" " ind2=" ">
    <subfield code="m">michael.brown-4@manchester.ac.uk</subfield>
    <subfield code="p">Michael Brown</subfield>
  </datafield>
  <datafield tag="520" ind1=" " ind2=" ">
    <subfield code="a">For further information, and to apply, please see the url below.</subfield>
  </datafield>
  <datafield tag="110" ind1=" " ind2=" ">
    <subfield code="a">Manchester U.</subfield>
  </datafield>
  <datafield tag="650" ind1="1" ind2="7">
    <subfield code="a">astro-ph</subfield>
  </datafield>
  <datafield tag="046" ind1=" " ind2=" ">
    <subfield code="i">2012-01-31</subfield>
  </datafield>
  <datafield tag="043" ind1=" " ind2=" ">
    <subfield code="a">Europe</subfield>
  </datafield>
  <datafield tag="040" ind1=" " ind2=" ">
    <subfield code="a">eu</subfield>
  </datafield>
</record>