<record>
  <datafield tag="970" ind1=" " ind2=" ">
    <subfield code="a">JOBS-89915</subfield>
  </datafield>
  <datafield tag="245" ind1=" " ind2=" ">
    <subfield code="a">Three PhD Positions in VHE Gamma-Ray Astronomy at Humboldt University Berlin for H.E.S.S. or CTA (DR/025/11)</subfield>
  </datafield>
  <datafield tag="270" ind1=" " ind2=" ">
    <subfield code="m">schwanke@physik.hu-berlin.de</subfield>
  </datafield>
  <datafield tag="693" ind1=" " ind2=" ">
    <subfield code="e">HESS</subfield>
  </datafield>
  <datafield tag="856" ind1="4" ind2=" ">
    <subfield code="u">http://www-hess.physik.hu-berlin.de/public/position_hess_cta.pdf</subfield>
  </datafield>
  <datafield tag="656" ind1=" " ind2=" ">
    <subfield code="a">Student</subfield>
  </datafield>
  <datafield tag="650" ind1="1" ind2="7">
    <subfield code="a">astro-ph</subfield>
  </datafield>
  <datafield tag="270" ind1=" " ind2=" ">
    <subfield code="p">Schwanke, Ullrich</subfield>
  </datafield>
  <datafield tag="520" ind1=" " ind2=" ">
    <subfield code="a">Three PhD Positions in VHE Gamma-Ray Astronomy at Humboldt University Berlin for H.E.S.S. or CTA (DR/025/11) &lt;p> The (Astro-)Particle Physics Group at the Physics Department of Humboldt University Berlin (see &lt;a href='http://www-eep.physik.hu-berlin.de/HESS'> http://www-eep.physik.hu-berlin.de/HESS&lt;/a>) invites applications for three PhD positions in very high-energy gamma-ray astronomy. &lt;p> Two positions are devoted to H.E.S.S. (see &lt;a href='http://www.mpi-hd.mpg.de/hfm/HESS'> http://www.mpi-hd.mpg.de/hfm/HESS&lt;/a>), an array of currently four 12m-diameter imaging atmospheric Cherenkov telescopes. The H.E.S.S. array is located in Namibia and explores the non-thermal Universe at photon energies > 100 GeV. Candidates are expected to contribute to the transition to H.E.S.S. II (the commissioning of a 28m-diameter telescope in 2012) and the analysis of H.E.S.S. data. The technical activities will focus on three topics: (i) the data acquisition system, (ii) the online analysis of H.E.S.S. data, and (iii) the development of trigger and reconstruction techniques that allow more sensitive Dark Matter searches with the large H.E.S.S II telescope. &lt;p> Another position is available to work on CTA (Cherenkov Telescope Array, see &lt;a href='http://www.cta-observatory.org'> http://www.cta-observatory.org&lt;/a>), a future ground-based gamma-ray observatory which should consist of two large telescope arrays in the northern and southern hemisphere. The group at Humboldt University is involved with the design of the hardware and software systems that are needed to control, read out and monitor the CTA arrays. Candidates should join the effort to develop the data acquisition and control system for a 12m CTA prototype telescope which is erected close to the Physics Department of Humboldt University in 2011. &lt;p> The analysis activities for all three positions will use H.E.S.S. data to address the physics of Galactic gamma-ray sources (in particular supernovae as possible sources of cosmic rays, variable galactic sources, search for pulsed emission from pulsars, studies of pulsar wind nebulae) and the search for Dark Matter. &lt;p> Applicants should hold a qualifying degree in physics and have a specialization in elementary particle physics and/or astrophysics. Software skills (C++, analysis software, Linux) and experiences with Monte Carlo simulations and data acquisition systems would be assets. The three positions are limited to three years. Salary (E13 TV-L HU, part time 50%) and benefits are commensurate with public service organizations. The positions will be available from July 2011, but an earlier or later starting date can be negotiated. Please contact Ullrich Schwanke for further inquiries and send applications (CV, research interests, names of references) in PDF format to schwanke@physik.hu-berlin.de. Please quote DR/025/11 with your application. &lt;p> Applications in paper format should be sent to:&lt;br /> Prof. Dr. Thomas Lohse Humboldt&lt;br /> Universitaet zu Berlin&lt;br /> Newtonstrasse 15&lt;br /> 12489 Berlin, Germany</subfield>
  </datafield>
  <datafield tag="110" ind1=" " ind2=" ">
    <subfield code="a">Humboldt U., Berlin</subfield>
  </datafield>
  <datafield tag="046" ind1=" " ind2=" ">
    <subfield code="l">schwanke@physik.hu-berlin.de</subfield>
  </datafield>
  <datafield tag="046" ind1=" " ind2=" ">
    <subfield code="i">2011-10-01</subfield>
  </datafield>
  <datafield tag="043" ind1=" " ind2=" ">
    <subfield code="a">Europe</subfield>
  </datafield>
  <datafield tag="040" ind1=" " ind2=" ">
    <subfield code="a">webform</subfield>
  </datafield>
  <datafield tag="961" ind1=" " ind2=" ">
    <subfield code="x">2011-03-03</subfield>
  </datafield>
  <datafield tag="961" ind1=" " ind2=" ">
    <subfield code="c">2011-03-03</subfield>
  </datafield>
  <datafield tag="980" ind1=" " ind2=" ">
    <subfield code="a">JOB</subfield>
  </datafield>
</record>