<record>
  <controlfield tag="005">20120607205453.0</controlfield>
  <datafield tag="856" ind1="4" ind2=" ">
    <subfield code="u">https://www.jobtrain.co.uk/universityofmanchester/world-leadingminds/DisplayJob.aspx?pageno=0&amp;htmlpage=JobDisplay&amp;Jobid=19249&amp;txtKeywords=&amp;chkCategory=&amp;lstRegion=&amp;chkSalary=&amp;chksubject=&amp;optMatch=&amp;clientid=73&amp;AttachedSAF=0</subfield>
  </datafield>
  <datafield tag="980" ind1=" " ind2=" ">
    <subfield code="a">JOB</subfield>
  </datafield>
  <datafield tag="270" ind1=" " ind2=" ">
    <subfield code="m">richard.schilizzi@manchester.ac.uk</subfield>
    <subfield code="p">Richard Schilizzi</subfield>
  </datafield>
  <datafield tag="520" ind1=" " ind2=" ">
    <subfield code="a">For further information, and to apply, please see the url below.</subfield>
  </datafield>
  <datafield tag="110" ind1=" " ind2=" ">
    <subfield code="a">Manchester U.</subfield>
  </datafield>
  <datafield tag="650" ind1="1" ind2="7">
    <subfield code="a">astro-ph</subfield>
  </datafield>
  <datafield tag="046" ind1=" " ind2=" ">
    <subfield code="i">2012-06-30</subfield>
  </datafield>
  <datafield tag="656" ind1=" " ind2=" ">
    <subfield code="a">Senior</subfield>
  </datafield>
  <datafield tag="043" ind1=" " ind2=" ">
    <subfield code="a">Europe</subfield>
  </datafield>
  <datafield tag="245" ind1=" " ind2=" ">
    <subfield code="a">Lectureship in Astrophysics</subfield>
  </datafield>
  <datafield tag="040" ind1=" " ind2=" ">
    <subfield code="a">web</subfield>
  </datafield>
</record>