<record>
  <controlfield tag="005">20120315162553.0</controlfield>
  <datafield tag="970" ind1=" " ind2=" ">
    <subfield code="a">JOBS-94250</subfield>
  </datafield>
  <datafield tag="245" ind1=" " ind2=" ">
    <subfield code="a">Associate Professor in Experimental High Energy Physics</subfield>
  </datafield>
  <datafield tag="270" ind1=" " ind2=" ">
    <subfield code="m">joao.rodrigues@wits.ac.za</subfield>
  </datafield>
  <datafield tag="693" ind1=" " ind2=" ">
    <subfield code="e">CERN-LHC-ATLAS</subfield>
  </datafield>
  <datafield tag="856" ind1="4" ind2=" ">
    <subfield code="u">http://www.wits.ac.za/newsroom/2011-08/13517/job_item_13517.html</subfield>
  </datafield>
  <datafield tag="656" ind1=" " ind2=" ">
    <subfield code="a">Senior</subfield>
  </datafield>
  <datafield tag="650" ind1="1" ind2="7">
    <subfield code="a">hep-ex</subfield>
  </datafield>
  <datafield tag="270" ind1=" " ind2=" ">
    <subfield code="p">Rodrigues, J. P.</subfield>
  </datafield>
  <datafield tag="520" ind1=" " ind2=" ">
    <subfield code="a">UNIVERSITY OF THE WITWATERSRAND, JOHANNESBURG FACULTY OF SCIENCE&lt;br /> ASSOCIATE PROFESSOR IN EXPERIMENTAL HIGH ENERGY PHYSICS &lt;p> SCHOOL OF PHYSICS &lt;p> A post of Associate Professor in Experimental High Energy Physics is available immediately. &lt;p> Research fields in the School include theoretical and experimental condensed matter and materials physics, theoretical and experimental high energy physics, nuclear physics, radio astronomy and astrophysics. The DST/NRF Centre of Excellence in Strong Materials, hosted by the University of the Witwatersrand, is well established, in which the School of Physics plays a leading role. The School hosts the Materials Physics Research Institute, the Gauteng node of the National Institute for Theoretical Physics and three DST/NRF Chairs/Associate Chairs. &lt;p> Qualifications &lt;p> Preference will be given to candidates able to enhance the School's participation in the ATLAS collaboration. A track record of leading research roles and achievement is a requirement, and experience with supervision of postgraduate students is highly desirable &lt;p> Duties&lt;br /> Associate Professors are expected to pursue research, teach and participate in the administration of the School, Faculty and University. &lt;p> Enquiries: For further information contact the Head of School, Professor J.P. Rodrigues,&lt;br /> Fax: +21-11-717-6879 or email: Joao.Rodrigues@wits.ac.za. &lt;p> Applications: Submit a detailed CV, indicating that you are applying to the Associate Professorship in Experimental High Energy Physics, relevant qualifications, teaching experience and research interests together with names and addresses/email details of 3 referees to: Ms. Busisiwe Khumalo, Human Resources Officer, Faculty of Science, University of the Witwatersrand, Johannesburg, Private Bag 3, WITS, 2050, South Africa. Email: Busisiwe.Khumalo@wits.ac.za, fax: +27 11 717-6009. &lt;p> Closing date: 30 September 2011&lt;br /> The University reserves the right not to make an appointment and continue searching after the closing date and only short-listed candidates will be contacted. &lt;p> &lt;br />* The University is committed to employment equity. Preference may be given, to appointable applicants from the underrepresented designated groups in terms of the relevant employment equity plans and policies of the university. The University retains the right not to make an appointment and to verify all information provided by candidates &lt;p> Committed to excellence and equity</subfield>
  </datafield>
  <datafield tag="110" ind1=" " ind2=" ">
    <subfield code="a">Witwatersrand U.</subfield>
  </datafield>
  <datafield tag="046" ind1=" " ind2=" ">
    <subfield code="l">Busisiwe.Khumalo@wits.ac.za</subfield>
  </datafield>
  <datafield tag="046" ind1=" " ind2=" ">
    <subfield code="i">2011-09-30</subfield>
  </datafield>
  <datafield tag="040" ind1=" " ind2=" ">
    <subfield code="a">webform</subfield>
  </datafield>
  <datafield tag="043" ind1=" " ind2=" ">
    <subfield code="a">Africa</subfield>
  </datafield>
  <datafield tag="961" ind1=" " ind2=" ">
    <subfield code="x">2011-09-19</subfield>
  </datafield>
  <datafield tag="961" ind1=" " ind2=" ">
    <subfield code="c">2011-09-19</subfield>
  </datafield>
  <datafield tag="980" ind1=" " ind2=" ">
    <subfield code="a">JOB</subfield>
  </datafield>
</record>