<record>
  <datafield tag="970" ind1=" " ind2=" ">
    <subfield code="a">JOBS-75000</subfield>
  </datafield>
  <datafield tag="245" ind1=" " ind2=" ">
    <subfield code="a">Nuclear and plasma applications (2054)</subfield>
  </datafield>
  <datafield tag="270" ind1=" " ind2=" ">
    <subfield code="m">Nuclear@illinois.edu</subfield>
  </datafield>
  <datafield tag="856" ind1="4" ind2=" ">
    <subfield code="u">https://jobs.illinois.edu/default.cfm?page=job&amp;jobID=2054</subfield>
  </datafield>
  <datafield tag="656" ind1=" " ind2=" ">
    <subfield code="a">Senior</subfield>
  </datafield>
  <datafield tag="656" ind1=" " ind2=" ">
    <subfield code="a">Junior</subfield>
  </datafield>
  <datafield tag="650" ind1="1" ind2="7">
    <subfield code="a">nucl-ex</subfield>
  </datafield>
  <datafield tag="650" ind1="1" ind2="7">
    <subfield code="a">nucl-th</subfield>
  </datafield>
  <datafield tag="520" ind1=" " ind2=" ">
    <subfield code="a">The Department of Nuclear, Plasma, and Radiological Engineering at the University of Illinois at Urbana-Champaign is searching for two highly qualified individuals to join the faculty in tenured or tenure-track positions. Rank and salary will be commensurate with individual's qualifications. &lt;p>Strong candidates with backgrounds in any of the areas related to nuclear and plasma applications will be considered. Applicants must hold a doctorate in a relevant area. The successful applicants must demonstrate the ability or the potential to develop a strong research and academic program, including teaching at both the undergraduate and graduate levels. Applicants are requested to supply an Oral proficiency in English must be demonstrated. &lt;p> For further information, and to apply, please see the url below.</subfield>
  </datafield>
  <datafield tag="110" ind1=" " ind2=" ">
    <subfield code="a">Illinois U., Urbana</subfield>
  </datafield>
  <datafield tag="046" ind1=" " ind2=" ">
    <subfield code="i">2011-06-30</subfield>
  </datafield>
  <datafield tag="043" ind1=" " ind2=" ">
    <subfield code="a">North America</subfield>
  </datafield>
  <datafield tag="040" ind1=" " ind2=" ">
    <subfield code="a">us</subfield>
  </datafield>
  <datafield tag="961" ind1=" " ind2=" ">
    <subfield code="x">2010-05-25</subfield>
  </datafield>
  <datafield tag="961" ind1=" " ind2=" ">
    <subfield code="c">2011-04-20</subfield>
  </datafield>
  <datafield tag="980" ind1=" " ind2=" ">
    <subfield code="a">JOB</subfield>
  </datafield>
</record>