<record>
  <controlfield tag="005">20120524201252.0</controlfield>
  <datafield tag="693" ind1=" " ind2=" ">
    <subfield code="e">CERN-LHC-CMS</subfield>
  </datafield>
  <datafield tag="650" ind1="1" ind2="7">
    <subfield code="a">hep-ex</subfield>
  </datafield>
  <datafield tag="980" ind1=" " ind2=" ">
    <subfield code="a">JOB</subfield>
  </datafield>
  <datafield tag="245" ind1=" " ind2=" ">
    <subfield code="a">CMS Experiment at RWTH Aachen</subfield>
  </datafield>
  <datafield tag="270" ind1=" " ind2=" ">
    <subfield code="m">stahl@physik.rwth-aachen.de</subfield>
    <subfield code="o">stahl@physik.rwth-aachen.de</subfield>
    <subfield code="p">Prof. Dr. Achim Stahl</subfield>
  </datafield>
  <datafield tag="520" ind1=" " ind2=" ">
    <subfield code="a">With 260 institutes in nine faculties, RWTH Aachen University is one of Europes leading institutions for science and research. The CMS group of the III. Physikalisches Institut B at the RWTH Aachen University is offering a position to an outstanding student for a PhD within the CMS collaboration at the LHC. Our institute covers activities in experimental particle and astroparticle physics. We are involved in the CMS, IceCube, T2K and DoubleChooz experiments. An additional focus is on detector development. We are looking for a candidate with a university degree (diploma or master) from Germany or abroad to strengthen our activities in the domain of top quark and tau physics. &lt;p>The topic of the PhD can be the field of &lt;p>-Charged Higgs Boson searches &lt;br />-Probing lepton flavour processes at the Terascale &lt;br />-Precision measurements of electro-weak boson properties &lt;br />-Precision measurements of top quark properties &lt;br />-Probing for physics beyond the standard model with top quark pairs &lt;p>The position is expected to start after July, 1st 2012 at the earliest, lasting for a minimum of three years. The position, which implies frequent visits to CERN, does involve teaching duties at the RWTH (English or German). &lt;p>Furthermore, the candidate is expected to take responsibilities in the running of the CMS detector in the usual extent. Students in their last university year are encouraged to apply. &lt;p>Applications, including a CV, a letter of motivation and the names of two referees, should be sent to&lt;p> Prof. Dr. Achim Stahl III. &lt;br />Physikalisches Institut, Physikzentrum RWTH Aachen &lt;br />52056 Aachen &lt;br />Tel: 0241 80-27301 &lt;br />FAX: 0241 80-22244 &lt;br />achim.stahl(at)physik.rwth-aachen.de*&lt;p> Evaluation of the applications will be conducted as they are received. RWTH Aachen University has been certified as a "Family Friendly University". RWTH is committed to promoting the careers of women and therefore looks forward to receiving applications by female candidates. For positions in organizational units where women are underrepresented, in cases of equal qualification, ability and professional achievement, preference will be given to female applicants unless reasons specific to an individual candidate tilt the balance in his favor. The University positively welcomes applications from suitably qualified disabled people.</subfield>
  </datafield>
  <datafield tag="110" ind1=" " ind2=" ">
    <subfield code="a">RWTH Aachen U.</subfield>
  </datafield>
  <datafield tag="043" ind1=" " ind2=" ">
    <subfield code="a">Europe</subfield>
  </datafield>
  <datafield tag="037" ind1=" " ind2=" ">
    <subfield code="a">JOBSUBMIT-JOB-2012-253</subfield>
  </datafield>
  <datafield tag="656" ind1=" " ind2=" ">
    <subfield code="a">Student</subfield>
  </datafield>
</record>