<record>
  <datafield tag="270" ind1=" " ind2=" ">
    <subfield code="m">huberg@uregina.ca</subfield>
    <subfield code="o">huberg@uregina.ca</subfield>
    <subfield code="p">Garth Huber</subfield>
  </datafield>
  <datafield tag="856" ind1="4" ind2=" ">
    <subfield code="u">http://lichen.phys.uregina.ca</subfield>
  </datafield>
  <datafield tag="961" ind1=" " ind2=" ">
    <subfield code="x">2012-02-08</subfield>
  </datafield>
  <datafield tag="961" ind1=" " ind2=" ">
    <subfield code="c">2012-02-08</subfield>
  </datafield>
  <datafield tag="980" ind1=" " ind2=" ">
    <subfield code="a">JOB</subfield>
  </datafield>
  <datafield tag="245" ind1=" " ind2=" ">
    <subfield code="a">Proton spin polarizabilites</subfield>
  </datafield>
  <datafield tag="520" ind1=" " ind2=" ">
    <subfield code="a">Funding support is available for the following graduate position, to contribute to our research program in proton spin polarizabilites.  Proton spin polarizabilities are fundamental observables of proton structure, and are sensitive to the internal dynamics of the internal quark-gluon constituents that make up the proton's spin. Our experiment will utilize both polarized beams and target in order to extract all four of the proton's spin polarizabilities for the first time. Students would gain experience working in an international collaboration, yet the facility is small enough for the student to be exposed to nearly every aspect of the experiment.  In addition to graduate class work, research would include data analysis and simulations performed in Canada, and laboratory work in Germany. &lt;p>APPLICATION INFORMATION: In nuclear/particle physics, it is essential that you enjoy research in a collaborative setting, where you are responsible for the progress of your individual project, and interact frequently with the larger research group.  Applicants should have a first class academic standing, intense motivation, and solid reference letters attesting to a strong ability to do research at the undergraduate level.  Preference will be given to applicants with relevant prior experience in subatomic physics research and programming experience in a linux environment. &lt;p>Information on our university's formal application procedure can be obtained at: &lt;a href="http://www.phys.uregina.ca/info/graduate/admission"> http://www.phys.uregina.ca/info/graduate/admission&lt;/a> Foreign applicants are typically required to write either the TOEFL or IELTS English proficiency exams. &lt;p> For more information, please visit &lt;a href="http://lichen.phys.uregina.ca">http://lichen.phys.uregina.ca&lt;/a> or contact: Dr. G.M. Huber, Department of Physics, University of Regina, Regina, SK S4S0A2,  Canada. tel: 1-306-585-4240. fax: 1-306-585-5659. huberg@uregina.ca.</subfield>
  </datafield>
  <datafield tag="110" ind1=" " ind2=" ">
    <subfield code="a">Regina U.</subfield>
  </datafield>
  <datafield tag="650" ind1="1" ind2="7">
    <subfield code="a">hep-ex</subfield>
  </datafield>
  <datafield tag="650" ind1="1" ind2="7">
    <subfield code="a">nucl-ex</subfield>
  </datafield>
  <datafield tag="046" ind1=" " ind2=" ">
    <subfield code="i">2012-05-01</subfield>
  </datafield>
  <datafield tag="043" ind1=" " ind2=" ">
    <subfield code="a">North America</subfield>
  </datafield>
  <datafield tag="037" ind1=" " ind2=" ">
    <subfield code="a">JOBSUBMIT-JOB-2012-079</subfield>
  </datafield>
  <datafield tag="656" ind1=" " ind2=" ">
    <subfield code="a">Student</subfield>
  </datafield>
</record>