<record>
  <controlfield tag="005">20120719220607.0</controlfield>
  <datafield tag="024" ind1="7" ind2=" ">
    <subfield code="2">DOI</subfield>
    <subfield code="a">10.1103/PhysRevD.52.2701</subfield>
  </datafield>
  <datafield tag="970" ind1=" " ind2=" ">
    <subfield code="a">SPIRES-3098800</subfield>
  </datafield>
  <datafield tag="100" ind1=" " ind2=" ">
    <subfield code="a">Kretzer, S.</subfield>
    <subfield code="u">Dortmund U.</subfield>
  </datafield>
  <datafield tag="773" ind1=" " ind2=" ">
    <subfield code="p">Phys.Rev.</subfield>
    <subfield code="v">D52</subfield>
    <subfield code="c">2701-2708</subfield>
    <subfield code="y">1995</subfield>
  </datafield>
  <datafield tag="690" ind1="C" ind2=" ">
    <subfield code="a">Published</subfield>
    <subfield code="2">INSPIRE</subfield>
  </datafield>
  <datafield tag="856" ind1="4" ind2=" ">
    <subfield code="w">1995PhRvD..52.2701K</subfield>
    <subfield code="y">ADSABS</subfield>
    <subfield code="u">http://www.adsabs.harvard.edu/abs/1995PhRvD..52.2701K</subfield>
  </datafield>
  <datafield tag="856" ind1="4" ind2=" ">
    <subfield code="w">0196988</subfield>
    <subfield code="y">CERNKEY</subfield>
    <subfield code="u">http://alice.cern.ch/format/showfull?sysnb=0196988</subfield>
  </datafield>
  <datafield tag="856" ind1="4" ind2=" ">
    <subfield code="w">10.1103/PhysRevD.52.2701</subfield>
    <subfield code="y">DOI</subfield>
    <subfield code="u">http://dx.doi.org/10.1103/PhysRevD.52.2701</subfield>
  </datafield>
  <datafield tag="856" ind1="4" ind2=" ">
    <subfield code="w">V52/P2701/</subfield>
    <subfield code="y">PHRVA-D</subfield>
    <subfield code="u">http://link.aps.org/abstract/PRD/V52/P2701/</subfield>
  </datafield>
  <datafield tag="037" ind1=" " ind2=" ">
    <subfield code="a">DO-TH-95-01</subfield>
  </datafield>
  <datafield tag="245" ind1=" " ind2=" ">
    <subfield code="a">SU(2)-f violation in the nucleon's light sea within the framework of the effective chiral quark theory</subfield>
  </datafield>
  <datafield tag="300" ind1=" " ind2=" ">
    <subfield code="a">24</subfield>
  </datafield>
  <datafield tag="695" ind1=" " ind2=" ">
    <subfield code="a">nucleon: model</subfield>
    <subfield code="2">INSPIRE</subfield>
  </datafield>
  <datafield tag="695" ind1=" " ind2=" ">
    <subfield code="a">quark: sea</subfield>
    <subfield code="2">INSPIRE</subfield>
  </datafield>
  <datafield tag="695" ind1=" " ind2=" ">
    <subfield code="a">symmetry breaking: SU(2)</subfield>
    <subfield code="2">INSPIRE</subfield>
  </datafield>
  <datafield tag="695" ind1=" " ind2=" ">
    <subfield code="a">effective Lagrangian: chiral</subfield>
    <subfield code="2">INSPIRE</subfield>
  </datafield>
  <datafield tag="695" ind1=" " ind2=" ">
    <subfield code="a">model: parton</subfield>
    <subfield code="2">INSPIRE</subfield>
  </datafield>
  <datafield tag="695" ind1=" " ind2=" ">
    <subfield code="a">quantum chromodynamics</subfield>
    <subfield code="2">INSPIRE</subfield>
  </datafield>
  <datafield tag="695" ind1=" " ind2=" ">
    <subfield code="a">structure function: small-x</subfield>
    <subfield code="2">INSPIRE</subfield>
  </datafield>
  <datafield tag="695" ind1=" " ind2=" ">
    <subfield code="a">Drell-Yan process</subfield>
    <subfield code="2">INSPIRE</subfield>
  </datafield>
  <datafield tag="695" ind1=" " ind2=" ">
    <subfield code="a">coupling: (quark pi)</subfield>
    <subfield code="2">INSPIRE</subfield>
  </datafield>
  <datafield tag="695" ind1=" " ind2=" ">
    <subfield code="a">(quark pi): coupling</subfield>
    <subfield code="2">INSPIRE</subfield>
  </datafield>
  <datafield tag="695" ind1=" " ind2=" ">
    <subfield code="a">quark: valence</subfield>
    <subfield code="2">INSPIRE</subfield>
  </datafield>
  <datafield tag="695" ind1=" " ind2=" ">
    <subfield code="a">numerical calculations: interpretation of experiments</subfield>
    <subfield code="2">INSPIRE</subfield>
  </datafield>
  <datafield tag="035" ind1=" " ind2=" ">
    <subfield code="z">D95-05448</subfield>
    <subfield code="9">DESY</subfield>
  </datafield>
  <datafield tag="035" ind1=" " ind2=" ">
    <subfield code="z">D95-22781</subfield>
    <subfield code="9">DESY</subfield>
  </datafield>
  <datafield tag="035" ind1=" " ind2=" ">
    <subfield code="z">0196988</subfield>
    <subfield code="9">CERNKEY</subfield>
  </datafield>
  <datafield tag="595" ind1=" " ind2=" ">
    <subfield code="a">cernkey</subfield>
    <subfield code="9">SPIRES-HIDDEN</subfield>
  </datafield>
  <datafield tag="035" ind1=" " ind2=" ">
    <subfield code="z">Kretzer:1995zr</subfield>
    <subfield code="9">SPIRESTeX</subfield>
  </datafield>
  <datafield tag="980" ind1=" " ind2=" ">
    <subfield code="a">Published</subfield>
  </datafield>
  <datafield tag="980" ind1=" " ind2=" ">
    <subfield code="a">Citeable</subfield>
  </datafield>
  <datafield tag="980" ind1=" " ind2=" ">
    <subfield code="a">CORE</subfield>
  </datafield>
  <datafield tag="999" ind1="C" ind2="5">
    <subfield code="s">Nucl.Phys.,B126,298</subfield>
  </datafield>
  <datafield tag="999" ind1="C" ind2="5">
    <subfield code="s">Phys.Rept.,81,1</subfield>
  </datafield>
  <datafield tag="999" ind1="C" ind2="5">
    <subfield code="s">Nucl.Phys.,B149,497</subfield>
  </datafield>
  <datafield tag="999" ind1="C" ind2="5">
    <subfield code="s">Z.Phys.,C15,19</subfield>
  </datafield>
  <datafield tag="999" ind1="C" ind2="5">
    <subfield code="s">Phys.Rev.Lett.,64,1207</subfield>
  </datafield>
  <datafield tag="999" ind1="C" ind2="5">
    <subfield code="s">Phys.Rev.Lett.,66,2712</subfield>
  </datafield>
  <datafield tag="999" ind1="C" ind2="5">
    <subfield code="s">Phys.Rev.,D50,1</subfield>
  </datafield>
  <datafield tag="999" ind1="C" ind2="5">
    <subfield code="s">Phys.Lett.,B332,244</subfield>
  </datafield>
  <datafield tag="999" ind1="C" ind2="5">
    <subfield code="s">Z.Phys.,C48,471</subfield>
  </datafield>
  <datafield tag="999" ind1="C" ind2="5">
    <subfield code="s">Z.Phys.,C53,127</subfield>
  </datafield>
  <datafield tag="999" ind1="C" ind2="5">
    <subfield code="s">Phys.Lett.,B306,391</subfield>
  </datafield>
  <datafield tag="999" ind1="C" ind2="5">
    <subfield code="s">Phys.Rev.,D42,798</subfield>
  </datafield>
  <datafield tag="999" ind1="C" ind2="5">
    <subfield code="s">Phys.Rev.Lett.,18,1174</subfield>
  </datafield>
  <datafield tag="999" ind1="C" ind2="5">
    <subfield code="s">Phys.Rev.,D47,1842</subfield>
  </datafield>
  <datafield tag="999" ind1="C" ind2="5">
    <subfield code="r">hep-ph/9310238</subfield>
    <subfield code="s">Acta Phys.Polon.,B25,159</subfield>
  </datafield>
  <datafield tag="999" ind1="C" ind2="5">
    <subfield code="s">Phys.Rev.,D15,2590</subfield>
  </datafield>
  <datafield tag="999" ind1="C" ind2="5">
    <subfield code="s">Phys.Lett.,B252,653</subfield>
  </datafield>
  <datafield tag="999" ind1="C" ind2="5">
    <subfield code="s">Phys.Lett.,B275,155</subfield>
  </datafield>
  <datafield tag="999" ind1="C" ind2="5">
    <subfield code="s">Phys.Lett.,B256,258</subfield>
  </datafield>
  <datafield tag="999" ind1="C" ind2="5">
    <subfield code="s">Phys.Rev.Lett.,69,1726</subfield>
  </datafield>
  <datafield tag="999" ind1="C" ind2="5">
    <subfield code="r">hep-ph/9210239</subfield>
    <subfield code="s">Phys.Rev.,D47,747</subfield>
  </datafield>
  <datafield tag="999" ind1="C" ind2="5">
    <subfield code="r">hep-ph/9403251</subfield>
    <subfield code="s">Phys.Lett.,B329,505</subfield>
  </datafield>
  <datafield tag="999" ind1="C" ind2="5">
    <subfield code="r">hep-ph/9406315</subfield>
    <subfield code="s">Phys.Rev.,D50,6734</subfield>
  </datafield>
  <datafield tag="999" ind1="C" ind2="5">
    <subfield code="s">Phys.Rev.,D45,2269</subfield>
  </datafield>
  <datafield tag="999" ind1="C" ind2="5">
    <subfield code="s">Nucl.Phys.,B234,189</subfield>
  </datafield>
  <datafield tag="999" ind1="C" ind2="5">
    <subfield code="s">Phys.Rev.,D6,3543</subfield>
  </datafield>
  <datafield tag="999" ind1="C" ind2="5">
    <subfield code="s">Mod.Phys.Lett.,A6,271</subfield>
  </datafield>
  <datafield tag="999" ind1="C" ind2="5">
    <subfield code="s">Phys.Rev.,D43,59</subfield>
  </datafield>
  <datafield tag="999" ind1="C" ind2="5">
    <subfield code="s">Phys.Rev.,D43,3067</subfield>
  </datafield>
  <datafield tag="999" ind1="C" ind2="5">
    <subfield code="r">hep-ph/9308322</subfield>
    <subfield code="s">Nucl.Phys.,B425,516</subfield>
  </datafield>
  <datafield tag="999" ind1="C" ind2="5">
    <subfield code="s">Phys.Rev.,D5,1732</subfield>
  </datafield>
  <datafield tag="999" ind1="C" ind2="5">
    <subfield code="s">Z.Phys.,C41,667</subfield>
  </datafield>
  <datafield tag="999" ind1="C" ind2="5">
    <subfield code="s">Z.Phys.,C53,651</subfield>
  </datafield>
  <datafield tag="269" ind1=" " ind2=" ">
    <subfield code="c">1995-02</subfield>
  </datafield>
  <datafield tag="961" ind1=" " ind2=" ">
    <subfield code="x">1995-02-24</subfield>
  </datafield>
  <datafield tag="961" ind1=" " ind2=" ">
    <subfield code="c">2006-11-09</subfield>
  </datafield>
</record>