<record>
  <controlfield tag="005">20121009175644.0</controlfield>
  <datafield tag="970" ind1=" " ind2=" ">
    <subfield code="a">SPIRES-9263284</subfield>
  </datafield>
  <datafield tag="100" ind1=" " ind2=" ">
    <subfield code="a">Singh, Janardan P.</subfield>
    <subfield code="u">Baroda U.</subfield>
  </datafield>
  <datafield tag="700" ind1=" " ind2=" ">
    <subfield code="a">Patel, Aditya B.</subfield>
    <subfield code="u">Baroda U.</subfield>
  </datafield>
  <datafield tag="773" ind1=" " ind2=" ">
    <subfield code="p">J.Phys.</subfield>
    <subfield code="v">G39</subfield>
    <subfield code="c">015006</subfield>
    <subfield code="y">2012</subfield>
  </datafield>
  <datafield tag="856" ind1="4" ind2=" ">
    <subfield code="u">http://inspirehep.net/record/945299/files/arXiv:1111.2128.pdf</subfield>
  </datafield>
  <datafield tag="650" ind1="1" ind2="7">
    <subfield code="a">Phenomenology-HEP</subfield>
    <subfield code="2">INSPIRE</subfield>
  </datafield>
  <datafield tag="690" ind1="C" ind2=" ">
    <subfield code="a">Published</subfield>
    <subfield code="2">INSPIRE</subfield>
  </datafield>
  <datafield tag="520" ind1=" " ind2=" ">
    <subfield code="a">Using QCD sum rule, we calculate valance quark distribution functions of {\eta} and of {\eta}' in chiral limit. Extrapolating the calculated quark distribution functions at both end regions, their first two moments have been calculated and compared with those of other hadrons.</subfield>
    <subfield code="9">arXiv</subfield>
  </datafield>
  <datafield tag="037" ind1=" " ind2=" ">
    <subfield code="a">arXiv:1111.2128</subfield>
    <subfield code="9">arXiv</subfield>
    <subfield code="c">hep-ph</subfield>
  </datafield>
  <datafield tag="035" ind1=" " ind2=" ">
    <subfield code="a">oai:arXiv.org:1111.2128</subfield>
    <subfield code="z">oai:arXiv.org:1111.2128</subfield>
    <subfield code="9">arXiv</subfield>
  </datafield>
  <datafield tag="245" ind1=" " ind2=" ">
    <subfield code="a">Quark distributions and gluon contents of eta and etaprime</subfield>
  </datafield>
  <datafield tag="300" ind1=" " ind2=" ">
    <subfield code="a">14</subfield>
  </datafield>
  <datafield tag="500" ind1=" " ind2=" ">
    <subfield code="a">14 pages, 7 figures</subfield>
    <subfield code="9">arXiv</subfield>
  </datafield>
  <datafield tag="695" ind1=" " ind2=" ">
    <subfield code="a">quark: distribution function</subfield>
    <subfield code="2">INSPIRE</subfield>
  </datafield>
  <datafield tag="695" ind1=" " ind2=" ">
    <subfield code="a">quantum chromodynamics: sum rule</subfield>
    <subfield code="2">INSPIRE</subfield>
  </datafield>
  <datafield tag="695" ind1=" " ind2=" ">
    <subfield code="a">chiral</subfield>
    <subfield code="2">INSPIRE</subfield>
  </datafield>
  <datafield tag="695" ind1=" " ind2=" ">
    <subfield code="a">gluon</subfield>
    <subfield code="2">INSPIRE</subfield>
  </datafield>
  <datafield tag="246" ind1=" " ind2=" ">
    <subfield code="a">Quark distributions and gluon contents of eta and etaprime</subfield>
    <subfield code="9">arXiv</subfield>
  </datafield>
  <datafield tag="024" ind1="7" ind2=" ">
    <subfield code="a">10.1088/0954-3899/39/1/015006</subfield>
    <subfield code="2">DOI</subfield>
  </datafield>
  <datafield tag="650" ind1="7" ind2=" ">
    <subfield code="a">14.40.Be</subfield>
    <subfield code="2">PACS</subfield>
  </datafield>
  <datafield tag="650" ind1="7" ind2=" ">
    <subfield code="a">12.38.Lg</subfield>
    <subfield code="2">PACS</subfield>
  </datafield>
  <datafield tag="650" ind1="7" ind2=" ">
    <subfield code="a">11.15.Tk</subfield>
    <subfield code="2">PACS</subfield>
  </datafield>
  <datafield tag="650" ind1="7" ind2=" ">
    <subfield code="a">12.39.Mk</subfield>
    <subfield code="2">PACS</subfield>
  </datafield>
  <datafield tag="595" ind1=" " ind2=" ">
    <subfield code="a">50 cites (new:50) from citesj on 12/09/2011</subfield>
    <subfield code="9">SPIRES-HIDDEN</subfield>
  </datafield>
  <datafield tag="595" ind1=" " ind2=" ">
    <subfield code="d">R_2011-12-01_full</subfield>
  </datafield>
  <datafield tag="595" ind1=" " ind2=" ">
    <subfield code="d">printed_2011-12-01</subfield>
  </datafield>
  <datafield tag="653" ind1="1" ind2=" ">
    <subfield code="a">Quark distribution function</subfield>
    <subfield code="9">author</subfield>
  </datafield>
  <datafield tag="653" ind1="1" ind2=" ">
    <subfield code="a">QCD sum rule</subfield>
    <subfield code="9">author</subfield>
  </datafield>
  <datafield tag="653" ind1="1" ind2=" ">
    <subfield code="a">four-point correlator</subfield>
    <subfield code="9">author</subfield>
  </datafield>
  <datafield tag="035" ind1=" " ind2=" ">
    <subfield code="z">Singh:2011ez</subfield>
    <subfield code="9">SPIRESTeX</subfield>
  </datafield>
  <datafield tag="980" ind1=" " ind2=" ">
    <subfield code="a">Published</subfield>
  </datafield>
  <datafield tag="980" ind1=" " ind2=" ">
    <subfield code="a">arXiv</subfield>
  </datafield>
  <datafield tag="980" ind1=" " ind2=" ">
    <subfield code="a">Citeable</subfield>
  </datafield>
  <datafield tag="980" ind1=" " ind2=" ">
    <subfield code="a">CORE</subfield>
  </datafield>
  <datafield tag="980" ind1=" " ind2=" ">
    <subfield code="a">HEP</subfield>
  </datafield>
  <datafield tag="999" ind1="C" ind2="5">
    <subfield code="r">hep-ph/9907491</subfield>
    <subfield code="s">Int.J.Mod.Phys.,A15,159</subfield>
  </datafield>
  <datafield tag="999" ind1="C" ind2="5">
    <subfield code="r">hep-th/0504192</subfield>
    <subfield code="s">JHEP,0507,006</subfield>
  </datafield>
  <datafield tag="999" ind1="C" ind2="5">
    <subfield code="r">arXiv:1003.4694</subfield>
    <subfield code="s">JHEP,1007,026</subfield>
  </datafield>
  <datafield tag="999" ind1="C" ind2="5">
    <subfield code="r">arXiv:1101.3407</subfield>
    <subfield code="s">Int.J.Mod.Phys.,A26,4731</subfield>
  </datafield>
  <datafield tag="999" ind1="C" ind2="5">
    <subfield code="s">Phys.Rev.,D39,92</subfield>
  </datafield>
  <datafield tag="999" ind1="C" ind2="5">
    <subfield code="s">Phys.Lett.,B93,354</subfield>
  </datafield>
  <datafield tag="999" ind1="C" ind2="5">
    <subfield code="r">hep-ph/9907336</subfield>
    <subfield code="s">Eur.Phys.J.,C13,485</subfield>
  </datafield>
  <datafield tag="999" ind1="C" ind2="5">
    <subfield code="r">hep-ph/0011348</subfield>
    <subfield code="s">Phys.Rev.,D63,096006</subfield>
  </datafield>
  <datafield tag="999" ind1="C" ind2="5">
    <subfield code="r">nucl-th/0008049</subfield>
    <subfield code="s">Phys.Rev.,C63,025213</subfield>
  </datafield>
  <datafield tag="999" ind1="C" ind2="5">
    <subfield code="r">hep-ph/0601051</subfield>
    <subfield code="s">Nucl.Phys.,B744,34</subfield>
  </datafield>
  <datafield tag="999" ind1="C" ind2="5">
    <subfield code="r">hep-ph/9402286</subfield>
    <subfield code="s">Phys.Lett.,B308,383</subfield>
  </datafield>
  <datafield tag="999" ind1="C" ind2="5">
    <subfield code="r">nucl-th/9910036</subfield>
    <subfield code="s">Phys.Rev.,D62,014013</subfield>
  </datafield>
  <datafield tag="999" ind1="C" ind2="5">
    <subfield code="s">Phys.Rev.,D50,201</subfield>
  </datafield>
  <datafield tag="999" ind1="C" ind2="5">
    <subfield code="s">Nucl.Phys.,B310,548</subfield>
  </datafield>
  <datafield tag="999" ind1="C" ind2="5">
    <subfield code="r">hep-ph/0208192</subfield>
    <subfield code="s">Nucl.Phys.,A714,145</subfield>
  </datafield>
  <datafield tag="999" ind1="C" ind2="5">
    <subfield code="r">hep-ph/0509260</subfield>
    <subfield code="s">Phys.Lett.,B634,508</subfield>
  </datafield>
  <datafield tag="999" ind1="C" ind2="5">
    <subfield code="r">arXiv:1006.1127</subfield>
    <subfield code="s">Int.J.Mod.Phys.,A26,947</subfield>
  </datafield>
  <datafield tag="999" ind1="C" ind2="5">
    <subfield code="s">Nucl.Phys.,B216,373</subfield>
  </datafield>
  <datafield tag="999" ind1="C" ind2="5">
    <subfield code="s">Nucl.Phys.,B188,317</subfield>
  </datafield>
  <datafield tag="999" ind1="C" ind2="5">
    <subfield code="s">Nucl.Phys.,B191,591</subfield>
  </datafield>
  <datafield tag="999" ind1="C" ind2="5">
    <subfield code="r">arXiv:0903.5028</subfield>
    <subfield code="s">Phys.Rev.,D79,116005</subfield>
  </datafield>
  <datafield tag="999" ind1="C" ind2="5">
    <subfield code="s">Phys.Rev.,D15,2590</subfield>
  </datafield>
  <datafield tag="999" ind1="C" ind2="5">
    <subfield code="r">arXiv:0706.0459</subfield>
    <subfield code="s">Phys.Lett.,B652,292</subfield>
  </datafield>
  <datafield tag="999" ind1="C" ind2="5">
    <subfield code="s">Phys.Rev.,D10,3468</subfield>
  </datafield>
  <datafield tag="999" ind1="C" ind2="5">
    <subfield code="s">Phys.Rev.Lett.,37,8</subfield>
  </datafield>
  <datafield tag="999" ind1="C" ind2="5">
    <subfield code="s">Phys.Rept.,142,357</subfield>
  </datafield>
  <datafield tag="999" ind1="C" ind2="5">
    <subfield code="s">Nucl.Phys.,B156,269</subfield>
  </datafield>
  <datafield tag="999" ind1="C" ind2="5">
    <subfield code="s">Nucl.Phys.,B159,213</subfield>
  </datafield>
  <datafield tag="999" ind1="C" ind2="5">
    <subfield code="s">Phys.Lett.,B95,90</subfield>
  </datafield>
  <datafield tag="999" ind1="C" ind2="5">
    <subfield code="s">Phys.Lett.,B220,258</subfield>
  </datafield>
  <datafield tag="999" ind1="C" ind2="5">
    <subfield code="r">arXiv:0804.3478</subfield>
    <subfield code="s">Eur.Phys.J.,A38,53</subfield>
  </datafield>
  <datafield tag="999" ind1="C" ind2="5">
    <subfield code="r">hep-ph/9906285</subfield>
    <subfield code="s">Phys.Atom.Nucl.,63,1448</subfield>
  </datafield>
  <datafield tag="999" ind1="C" ind2="5">
    <subfield code="r">hep-ph/9607215</subfield>
    <subfield code="s">Phys.Rev.,D55,2918</subfield>
  </datafield>
  <datafield tag="999" ind1="C" ind2="5">
    <subfield code="r">arXiv:0811.2577</subfield>
    <subfield code="s">Phys.Rev.,D79,014024</subfield>
  </datafield>
  <datafield tag="999" ind1="C" ind2="5">
    <subfield code="s">Phys.Rev.,D21,3388</subfield>
  </datafield>
  <datafield tag="999" ind1="C" ind2="5">
    <subfield code="s">Phys.Rev.,D23,473</subfield>
  </datafield>
  <datafield tag="999" ind1="C" ind2="5">
    <subfield code="s">Nucl.Phys.,B171,253</subfield>
  </datafield>
  <datafield tag="999" ind1="C" ind2="5">
    <subfield code="r">hep-ph/9907373</subfield>
    <subfield code="s">Phys.Lett.,B463,286</subfield>
  </datafield>
  <datafield tag="999" ind1="C" ind2="5">
    <subfield code="r">hep-ph/9508359</subfield>
    <subfield code="s">Phys.Lett.,B365,367</subfield>
  </datafield>
  <datafield tag="999" ind1="C" ind2="5">
    <subfield code="r">hep-ph/9709213</subfield>
    <subfield code="s">Nucl.Phys.,B516,333</subfield>
  </datafield>
  <datafield tag="999" ind1="C" ind2="5">
    <subfield code="r">hep-ph/0609165</subfield>
    <subfield code="s">Phys.Rev.,D74,074024</subfield>
  </datafield>
  <datafield tag="999" ind1="C" ind2="5">
    <subfield code="r">hep-ph/0210045</subfield>
    <subfield code="s">Phys.Rev.,D67,054017</subfield>
  </datafield>
  <datafield tag="999" ind1="C" ind2="5">
    <subfield code="r">hep-ph/0307092</subfield>
    <subfield code="s">Eur.Phys.J.,C30,367</subfield>
  </datafield>
  <datafield tag="999" ind1="C" ind2="5">
    <subfield code="r">hep-ph/0307087</subfield>
    <subfield code="s">Phys.Rev.,D70,054020</subfield>
  </datafield>
  <datafield tag="999" ind1="C" ind2="5">
    <subfield code="r">hep-ph/0005302</subfield>
    <subfield code="s">Phys.Lett.,B501,60</subfield>
  </datafield>
  <datafield tag="999" ind1="C" ind2="5">
    <subfield code="s">Phys.Lett.,B81,224</subfield>
  </datafield>
  <datafield tag="999" ind1="C" ind2="5">
    <subfield code="r">hep-th/9903189</subfield>
  </datafield>
  <datafield tag="999" ind1="C" ind2="5">
    <subfield code="r">hep-ex/0612029</subfield>
    <subfield code="s">Phys.Lett.,B648,267</subfield>
  </datafield>
  <datafield tag="999" ind1="C" ind2="5">
    <subfield code="r">arXiv:0906.3819</subfield>
    <subfield code="s">JHEP,0907,105</subfield>
  </datafield>
  <datafield tag="999" ind1="C" ind2="5">
    <subfield code="r">hep-ph/9908214</subfield>
    <subfield code="s">Phys.Rev.,D63,054027</subfield>
  </datafield>
  <datafield tag="269" ind1=" " ind2=" ">
    <subfield code="c">2011-11</subfield>
  </datafield>
  <datafield tag="961" ind1=" " ind2=" ">
    <subfield code="x">2011-11-09</subfield>
  </datafield>
  <datafield tag="961" ind1=" " ind2=" ">
    <subfield code="c">2012-06-06</subfield>
  </datafield>
</record>