<record>
  <controlfield tag="005">20121024004203.0</controlfield>
  <datafield tag="690" ind1="C" ind2=" ">
    <subfield code="2">INSPIRE</subfield>
    <subfield code="a">Published</subfield>
  </datafield>
  <datafield tag="595" ind1=" " ind2=" ">
    <subfield code="9">SPIRES-HIDDEN</subfield>
    <subfield code="a">sul added tc 4-8-10</subfield>
  </datafield>
  <datafield tag="961" ind1=" " ind2=" ">
    <subfield code="x">1980-09</subfield>
  </datafield>
  <datafield tag="961" ind1=" " ind2=" ">
    <subfield code="c">2010-04-08</subfield>
  </datafield>
  <datafield tag="773" ind1=" " ind2=" ">
    <subfield code="c">762</subfield>
    <subfield code="p">Yad.Fiz.</subfield>
    <subfield code="v">34</subfield>
    <subfield code="y">1981</subfield>
  </datafield>
  <datafield tag="773" ind1=" " ind2=" ">
    <subfield code="x">Yad. Fiz. 34 ( 1981) 762-768</subfield>
  </datafield>
  <datafield tag="970" ind1=" " ind2=" ">
    <subfield code="a">SPIRES-791415</subfield>
  </datafield>
  <datafield tag="300" ind1=" " ind2=" ">
    <subfield code="a">16</subfield>
  </datafield>
  <datafield tag="520" ind1=" " ind2=" ">
    <subfield code="9">HEPDATA</subfield>
    <subfield code="h">ETARAP(C=CI) IS VALUE OF ETARAPIDITY GAP WHICH CONTAINS I NEIGHBOUR CHARGED PARTICLES ORDERED BY ETARAPIDITY. ENERGY DEPENDENCE OF AZIMUTHAL CORRELATIONS IS MEASURED. DETAILED INFORMATION ON EXPERIMENTAL CONDITIONS IS CONTAINED IN ARTICLES: PHYS.LETT.,1972,39B,282 AND YF,1979,30,407.</subfield>
  </datafield>
  <datafield tag="999" ind1="C" ind2="5">
    <subfield code="s">Phys.Lett.,B39,282</subfield>
  </datafield>
  <datafield tag="999" ind1="C" ind2="5">
    <subfield code="s">Phys.Rept.,10C,5</subfield>
  </datafield>
  <datafield tag="999" ind1="C" ind2="5">
    <subfield code="s">Phys.Rev.,D15,2590</subfield>
  </datafield>
  <datafield tag="999" ind1="C" ind2="5">
    <subfield code="s">Nucl.Phys.,B128,1</subfield>
  </datafield>
  <datafield tag="999" ind1="C" ind2="5">
    <subfield code="s">Nucl.Phys.,B143,163</subfield>
  </datafield>
  <datafield tag="980" ind1=" " ind2=" ">
    <subfield code="a">Published</subfield>
  </datafield>
  <datafield tag="980" ind1=" " ind2=" ">
    <subfield code="a">Citeable</subfield>
  </datafield>
  <datafield tag="980" ind1=" " ind2=" ">
    <subfield code="a">CORE</subfield>
  </datafield>
  <datafield tag="695" ind1=" " ind2=" ">
    <subfield code="2">INSPIRE</subfield>
    <subfield code="a">HADRON NUCLEON: INELASTIC SCATTERING</subfield>
  </datafield>
  <datafield tag="695" ind1=" " ind2=" ">
    <subfield code="2">INSPIRE</subfield>
    <subfield code="a">INELASTIC SCATTERING: HADRON NUCLEON</subfield>
  </datafield>
  <datafield tag="695" ind1=" " ind2=" ">
    <subfield code="2">INSPIRE</subfield>
    <subfield code="a">MULTIPLE PRODUCTION</subfield>
  </datafield>
  <datafield tag="695" ind1=" " ind2=" ">
    <subfield code="2">INSPIRE</subfield>
    <subfield code="a">ANGULAR CORRELATION: ENERGY DEPENDENCE</subfield>
  </datafield>
  <datafield tag="695" ind1=" " ind2=" ">
    <subfield code="2">INSPIRE</subfield>
    <subfield code="a">STATISTICAL ANALYSIS: PHASE SPACE</subfield>
  </datafield>
  <datafield tag="695" ind1=" " ind2=" ">
    <subfield code="2">INSPIRE</subfield>
    <subfield code="a">EFFECT: TRANSVERSE MOMENTUM</subfield>
  </datafield>
  <datafield tag="700" ind1=" " ind2=" ">
    <subfield code="a">Gulamov, K.G.</subfield>
    <subfield code="u">Tashkent, FTI</subfield>
  </datafield>
  <datafield tag="700" ind1=" " ind2=" ">
    <subfield code="a">Petrov, V.I.</subfield>
    <subfield code="u">Tashkent, FTI</subfield>
  </datafield>
  <datafield tag="700" ind1=" " ind2=" ">
    <subfield code="a">Chernov, G.M.</subfield>
    <subfield code="u">Tashkent, IYF</subfield>
  </datafield>
  <datafield tag="856" ind1="4" ind2=" ">
    <subfield code="u">http://durpdg.dur.ac.uk/cgi-hepdata/hepreac/791415</subfield>
    <subfield code="w">791415</subfield>
    <subfield code="y">DURHAM</subfield>
  </datafield>
  <datafield tag="245" ind1=" " ind2=" ">
    <subfield code="a">ON THE ENERGY DEPENDENCE AND STRUCTURE OF AZIMUTHAL CORRELATIONS IN HADRON - NUCLEON INTERACTIONS AT HIGH-ENERGY</subfield>
  </datafield>
  <datafield tag="269" ind1=" " ind2=" ">
    <subfield code="c">1980-09</subfield>
  </datafield>
  <datafield tag="100" ind1=" " ind2=" ">
    <subfield code="a">Azimov, S.A.</subfield>
    <subfield code="u">Tashkent, FTI</subfield>
  </datafield>
  <datafield tag="037" ind1=" " ind2=" ">
    <subfield code="a">TASHKENT-2-80-FVE</subfield>
  </datafield>
  <datafield tag="041" ind1=" " ind2=" ">
    <subfield code="a">Russian</subfield>
  </datafield>
  <datafield tag="035" ind1=" " ind2=" ">
    <subfield code="9">DESY</subfield>
    <subfield code="z">D81-13130</subfield>
  </datafield>
  <datafield tag="035" ind1=" " ind2=" ">
    <subfield code="9">SPIRESTeX</subfield>
    <subfield code="z">Azimov:1980jn</subfield>
  </datafield>
</record>