<record>
  <datafield tag="970" ind1=" " ind2=" ">
    <subfield code="a">SPIRES-4541944</subfield>
  </datafield>
  <datafield tag="100" ind1=" " ind2=" ">
    <subfield code="a">Richardson, Peter</subfield>
    <subfield code="i">INSPIRE-00119982</subfield>
    <subfield code="u">Oxford U.</subfield>
  </datafield>
  <datafield tag="650" ind1="1" ind2="7">
    <subfield code="a">Phenomenology-HEP</subfield>
    <subfield code="2">INSPIRE</subfield>
  </datafield>
  <datafield tag="690" ind1="C" ind2=" ">
    <subfield code="a">Thesis</subfield>
    <subfield code="2">INSPIRE</subfield>
  </datafield>
  <datafield tag="999" ind1="C" ind2="5">
    <subfield code="r">hep-ph/9912407</subfield>
    <subfield code="s">JHEP,0004,008</subfield>
  </datafield>
  <datafield tag="999" ind1="C" ind2="5">
    <subfield code="r">hep-ph/9912396</subfield>
  </datafield>
  <datafield tag="999" ind1="C" ind2="5">
    <subfield code="s">Comput.Phys.Commun.,67,465</subfield>
  </datafield>
  <datafield tag="999" ind1="C" ind2="5">
    <subfield code="r">hep-ph/0011363</subfield>
    <subfield code="s">JHEP,0101,010</subfield>
  </datafield>
  <datafield tag="999" ind1="C" ind2="5">
    <subfield code="r">hep-ph/0007228</subfield>
    <subfield code="s">Phys.Rev.,D63,055008</subfield>
  </datafield>
  <datafield tag="999" ind1="C" ind2="5">
    <subfield code="r">hep-ph/9903419</subfield>
  </datafield>
  <datafield tag="999" ind1="C" ind2="5">
    <subfield code="r">hep-ph/9906224</subfield>
  </datafield>
  <datafield tag="999" ind1="C" ind2="5">
    <subfield code="r">hep-ph/0005142</subfield>
  </datafield>
  <datafield tag="999" ind1="C" ind2="5">
    <subfield code="r">hep-ph/9911365</subfield>
    <subfield code="s">Phys.Rev.,D61,095009</subfield>
  </datafield>
  <datafield tag="999" ind1="C" ind2="5">
    <subfield code="r">hep-ph/0001224</subfield>
  </datafield>
  <datafield tag="999" ind1="C" ind2="5">
    <subfield code="s">Nucl.Phys.,22,579</subfield>
  </datafield>
  <datafield tag="999" ind1="C" ind2="5">
    <subfield code="s">Phys.Rev.Lett.,19,1264</subfield>
  </datafield>
  <datafield tag="999" ind1="C" ind2="5">
    <subfield code="s">Phys.Lett.,12,132</subfield>
  </datafield>
  <datafield tag="999" ind1="C" ind2="5">
    <subfield code="s">Phys.Rev.Lett.,13,508</subfield>
  </datafield>
  <datafield tag="999" ind1="C" ind2="5">
    <subfield code="s">Phys.Rev.,145,1156</subfield>
  </datafield>
  <datafield tag="999" ind1="C" ind2="5">
    <subfield code="s">Phys.Rev.Lett.,13,321</subfield>
  </datafield>
  <datafield tag="999" ind1="C" ind2="5">
    <subfield code="s">Phys.Rev.,155,1554</subfield>
  </datafield>
  <datafield tag="999" ind1="C" ind2="5">
    <subfield code="s">Phys.Rev.,D14,3432</subfield>
  </datafield>
  <datafield tag="999" ind1="C" ind2="5">
    <subfield code="s">Phys.Rev.Lett.,37,8</subfield>
  </datafield>
  <datafield tag="999" ind1="C" ind2="5">
    <subfield code="s">Phys.Lett.,B49,52</subfield>
  </datafield>
  <datafield tag="999" ind1="C" ind2="5">
    <subfield code="s">Phys.Rev.,159,1251</subfield>
  </datafield>
  <datafield tag="999" ind1="C" ind2="5">
    <subfield code="s">Nucl.Phys.,B88,257</subfield>
  </datafield>
  <datafield tag="999" ind1="C" ind2="5">
    <subfield code="r">hep-ph/9709356</subfield>
  </datafield>
  <datafield tag="999" ind1="C" ind2="5">
    <subfield code="s">Phys.Rept.,117,75</subfield>
  </datafield>
  <datafield tag="999" ind1="C" ind2="5">
    <subfield code="r">hep-ph/9906209</subfield>
    <subfield code="s">Phys.Rev.,D60,075014</subfield>
  </datafield>
  <datafield tag="999" ind1="C" ind2="5">
    <subfield code="s">Eur.Phys.J.,C3,1</subfield>
  </datafield>
  <datafield tag="999" ind1="C" ind2="5">
    <subfield code="s">Phys.Lett.,B76,575</subfield>
  </datafield>
  <datafield tag="999" ind1="C" ind2="5">
    <subfield code="s">Nucl.Phys.,B272,1</subfield>
  </datafield>
  <datafield tag="999" ind1="C" ind2="5">
    <subfield code="s">Phys.Rev.,D20,403</subfield>
  </datafield>
  <datafield tag="999" ind1="C" ind2="5">
    <subfield code="r">hep-ph/9709450</subfield>
    <subfield code="s">Nucl.Phys.Proc.Suppl.,62,469</subfield>
  </datafield>
  <datafield tag="999" ind1="C" ind2="5">
    <subfield code="s">Phys.Rept.,110,1</subfield>
  </datafield>
  <datafield tag="999" ind1="C" ind2="5">
    <subfield code="s">Phys.Lett.,B110,227</subfield>
  </datafield>
  <datafield tag="999" ind1="C" ind2="5">
    <subfield code="s">Phys.Lett.,B113,175</subfield>
  </datafield>
  <datafield tag="999" ind1="C" ind2="5">
    <subfield code="s">Nucl.Phys.,B207,96</subfield>
  </datafield>
  <datafield tag="999" ind1="C" ind2="5">
    <subfield code="r">hep-ph/9303230</subfield>
    <subfield code="s">Phys.Rev.,D48,1277</subfield>
  </datafield>
  <datafield tag="999" ind1="C" ind2="5">
    <subfield code="r">hep-ph/9408384</subfield>
    <subfield code="s">Phys.Rev.,D51,1362</subfield>
  </datafield>
  <datafield tag="999" ind1="C" ind2="5">
    <subfield code="r">hep-ph/9507378</subfield>
    <subfield code="s">Phys.Rev.,D53,2658</subfield>
  </datafield>
  <datafield tag="999" ind1="C" ind2="5">
    <subfield code="s">Phys.Lett.,B115,193</subfield>
  </datafield>
  <datafield tag="999" ind1="C" ind2="5">
    <subfield code="s">Phys.Lett.,B125,457</subfield>
  </datafield>
  <datafield tag="999" ind1="C" ind2="5">
    <subfield code="s">Phys.Lett.,B110,215</subfield>
  </datafield>
  <datafield tag="999" ind1="C" ind2="5">
    <subfield code="s">Nucl.Phys.,B238,453</subfield>
  </datafield>
  <datafield tag="999" ind1="C" ind2="5">
    <subfield code="r">hep-ph/9601392</subfield>
    <subfield code="s">Phys.Lett.,B379,272</subfield>
  </datafield>
  <datafield tag="999" ind1="C" ind2="5">
    <subfield code="r">hep-ph/9606364</subfield>
    <subfield code="s">Phys.Lett.,B389,62</subfield>
  </datafield>
  <datafield tag="999" ind1="C" ind2="5">
    <subfield code="r">hep-ph/9612334</subfield>
    <subfield code="s">Phys.Lett.,B395,225</subfield>
  </datafield>
  <datafield tag="999" ind1="C" ind2="5">
    <subfield code="r">hep-ph/9606415</subfield>
    <subfield code="s">Phys.Lett.,B389,677</subfield>
  </datafield>
  <datafield tag="999" ind1="C" ind2="5">
    <subfield code="r">hep-ph/9608264</subfield>
    <subfield code="s">Phys.Rev.,D54,6797</subfield>
  </datafield>
  <datafield tag="999" ind1="C" ind2="5">
    <subfield code="r">hep-ph/9703279</subfield>
    <subfield code="s">Nucl.Phys.,B503,55</subfield>
  </datafield>
  <datafield tag="999" ind1="C" ind2="5">
    <subfield code="r">hep-ph/9703276</subfield>
    <subfield code="s">Nucl.Phys.,B506,3</subfield>
  </datafield>
  <datafield tag="999" ind1="C" ind2="5">
    <subfield code="r">hep-ph/9702392</subfield>
    <subfield code="s">Phys.Lett.,B401,54</subfield>
  </datafield>
  <datafield tag="999" ind1="C" ind2="5">
    <subfield code="r">hep-ph/9703288</subfield>
    <subfield code="s">Z.Phys.,C74,595</subfield>
  </datafield>
  <datafield tag="999" ind1="C" ind2="5">
    <subfield code="r">hep-ph/9707435</subfield>
  </datafield>
  <datafield tag="999" ind1="C" ind2="5">
    <subfield code="r">hep-ph/9709395</subfield>
  </datafield>
  <datafield tag="999" ind1="C" ind2="5">
    <subfield code="s">Phys.Rev.Lett.,63,1447</subfield>
  </datafield>
  <datafield tag="999" ind1="C" ind2="5">
    <subfield code="s">Phys.Rev.Lett.,64,2980</subfield>
  </datafield>
  <datafield tag="999" ind1="C" ind2="5">
    <subfield code="s">Phys.Lett.,B252,290</subfield>
  </datafield>
  <datafield tag="999" ind1="C" ind2="5">
    <subfield code="s">Phys.Rev.,D46,1889</subfield>
  </datafield>
  <datafield tag="999" ind1="C" ind2="5">
    <subfield code="s">Phys.Lett.,B396,315</subfield>
  </datafield>
  <datafield tag="999" ind1="C" ind2="5">
    <subfield code="r">hep-ex/9803026</subfield>
    <subfield code="s">Phys.Lett.,B433,195</subfield>
  </datafield>
  <datafield tag="999" ind1="C" ind2="5">
    <subfield code="s">Phys.Lett.,B313,333</subfield>
  </datafield>
  <datafield tag="999" ind1="C" ind2="5">
    <subfield code="r">hep-ex/9901037</subfield>
    <subfield code="s">Eur.Phys.J.,C11,619</subfield>
  </datafield>
  <datafield tag="999" ind1="C" ind2="5">
    <subfield code="r">hep-ex/9904015</subfield>
    <subfield code="s">Eur.Phys.J.,C12,1</subfield>
  </datafield>
  <datafield tag="999" ind1="C" ind2="5">
    <subfield code="s">Phys.Lett.,B349,238</subfield>
  </datafield>
  <datafield tag="999" ind1="C" ind2="5">
    <subfield code="s">Phys.Lett.,B384,461</subfield>
  </datafield>
  <datafield tag="999" ind1="C" ind2="5">
    <subfield code="r">hep-ex/9712013</subfield>
    <subfield code="s">Eur.Phys.J.,C4,433</subfield>
  </datafield>
  <datafield tag="999" ind1="C" ind2="5">
    <subfield code="r">hep-ex/9811033</subfield>
    <subfield code="s">Eur.Phys.J.,C7,383</subfield>
  </datafield>
  <datafield tag="999" ind1="C" ind2="5">
    <subfield code="s">Eur.Phys.J.,C13,29</subfield>
  </datafield>
  <datafield tag="999" ind1="C" ind2="5">
    <subfield code="s">Phys.Lett.,B459,354</subfield>
  </datafield>
  <datafield tag="999" ind1="C" ind2="5">
    <subfield code="r">hep-ex/9908063</subfield>
    <subfield code="s">Phys.Rev.Lett.,83,2133</subfield>
  </datafield>
  <datafield tag="999" ind1="C" ind2="5">
    <subfield code="r">hep-ex/9907019</subfield>
    <subfield code="s">Phys.Rev.Lett.,83,4476</subfield>
  </datafield>
  <datafield tag="999" ind1="C" ind2="5">
    <subfield code="r">hep-ph/9904354</subfield>
  </datafield>
  <datafield tag="999" ind1="C" ind2="5">
    <subfield code="r">hep-ph/9708495</subfield>
    <subfield code="s">Phys.Lett.,B420,307</subfield>
  </datafield>
  <datafield tag="999" ind1="C" ind2="5">
    <subfield code="s">Phys.Lett.,B207,210</subfield>
  </datafield>
  <datafield tag="999" ind1="C" ind2="5">
    <subfield code="s">Phys.Rev.,D40,2987</subfield>
  </datafield>
  <datafield tag="999" ind1="C" ind2="5">
    <subfield code="r">hep-ph/9602207</subfield>
  </datafield>
  <datafield tag="999" ind1="C" ind2="5">
    <subfield code="r">hep-ph/9705442</subfield>
    <subfield code="s">Phys.Rept.,299,1</subfield>
  </datafield>
  <datafield tag="999" ind1="C" ind2="5">
    <subfield code="r">hep-ph/9612397</subfield>
    <subfield code="s">Phys.Rev.Lett.,78,3063</subfield>
  </datafield>
  <datafield tag="999" ind1="C" ind2="5">
    <subfield code="r">hep-ph/9703436</subfield>
    <subfield code="s">Phys.Lett.,B406,314</subfield>
  </datafield>
  <datafield tag="999" ind1="C" ind2="5">
    <subfield code="r">hep-ph/9211204</subfield>
    <subfield code="s">Nucl.Phys.,B397,3</subfield>
  </datafield>
  <datafield tag="999" ind1="C" ind2="5">
    <subfield code="r">hep-ph/9405253</subfield>
    <subfield code="s">Nucl.Phys.,B428,31</subfield>
  </datafield>
  <datafield tag="999" ind1="C" ind2="5">
    <subfield code="s">Phys.Rev.,D41,2099</subfield>
  </datafield>
  <datafield tag="999" ind1="C" ind2="5">
    <subfield code="r">hep-ph/9708272</subfield>
    <subfield code="s">Phys.Lett.,B414,297</subfield>
  </datafield>
  <datafield tag="999" ind1="C" ind2="5">
    <subfield code="r">hep-ph/9809525</subfield>
  </datafield>
  <datafield tag="999" ind1="C" ind2="5">
    <subfield code="r">hep-ph/9910341</subfield>
    <subfield code="s">Phys.Lett.,B475,184</subfield>
  </datafield>
  <datafield tag="999" ind1="C" ind2="5">
    <subfield code="r">hep-ph/0002130</subfield>
  </datafield>
  <datafield tag="999" ind1="C" ind2="5">
    <subfield code="r">hep-ph/0003012</subfield>
    <subfield code="s">Nucl.Phys.,B604,3</subfield>
  </datafield>
  <datafield tag="999" ind1="C" ind2="5">
    <subfield code="r">hep-ph/0007288</subfield>
    <subfield code="s">Eur.Phys.J.,C19,155</subfield>
  </datafield>
  <datafield tag="999" ind1="C" ind2="5">
    <subfield code="r">hep-ph/9704257</subfield>
    <subfield code="s">Phys.Rev.,D56,3107</subfield>
  </datafield>
  <datafield tag="999" ind1="C" ind2="5">
    <subfield code="r">hep-ph/9802305</subfield>
  </datafield>
  <datafield tag="999" ind1="C" ind2="5">
    <subfield code="r">hep-ph/9707477</subfield>
    <subfield code="s">Phys.Rev.,D57,534</subfield>
  </datafield>
  <datafield tag="999" ind1="C" ind2="5">
    <subfield code="r">hep-ph/9903549</subfield>
    <subfield code="s">Phys.Rev.Lett.,83,4472</subfield>
  </datafield>
  <datafield tag="999" ind1="C" ind2="5">
    <subfield code="s">Nucl.Phys.,B365,597</subfield>
  </datafield>
  <datafield tag="999" ind1="C" ind2="5">
    <subfield code="r">hep-ph/9810232</subfield>
  </datafield>
  <datafield tag="999" ind1="C" ind2="5">
    <subfield code="r">hep-ph/0001086</subfield>
  </datafield>
  <datafield tag="999" ind1="C" ind2="5">
    <subfield code="s">Phys.Rev.Lett.,45,1226</subfield>
  </datafield>
  <datafield tag="999" ind1="C" ind2="5">
    <subfield code="r">hep-ph/9609474</subfield>
    <subfield code="s">Phys.Lett.,B396,257</subfield>
  </datafield>
  <datafield tag="999" ind1="C" ind2="5">
    <subfield code="r">hep-ph/9706297</subfield>
    <subfield code="s">Phys.Lett.,B409,503</subfield>
  </datafield>
  <datafield tag="999" ind1="C" ind2="5">
    <subfield code="r">hep-ph/9809429</subfield>
    <subfield code="s">Eur.Phys.J.,C9,245</subfield>
  </datafield>
  <datafield tag="999" ind1="C" ind2="5">
    <subfield code="r">hep-ph/9609460</subfield>
    <subfield code="s">Phys.Rev.Lett.,78,811</subfield>
  </datafield>
  <datafield tag="999" ind1="C" ind2="5">
    <subfield code="r">hep-ph/9705218</subfield>
  </datafield>
  <datafield tag="999" ind1="C" ind2="5">
    <subfield code="s">Nucl.Phys.,B111,253</subfield>
  </datafield>
  <datafield tag="999" ind1="C" ind2="5">
    <subfield code="s">Ann.Rev.Nucl.Part.Sci.,36,253</subfield>
  </datafield>
  <datafield tag="999" ind1="C" ind2="5">
    <subfield code="s">Nucl.Phys.,B238,1</subfield>
  </datafield>
  <datafield tag="999" ind1="C" ind2="5">
    <subfield code="s">Nucl.Phys.,B310,461</subfield>
  </datafield>
  <datafield tag="999" ind1="C" ind2="5">
    <subfield code="s">Sov.J.Nucl.Phys.,15,675</subfield>
  </datafield>
  <datafield tag="999" ind1="C" ind2="5">
    <subfield code="s">Sov.J.Nucl.Phys.,15,438</subfield>
  </datafield>
  <datafield tag="999" ind1="C" ind2="5">
    <subfield code="s">Sov.Phys.JETP,46,641</subfield>
  </datafield>
  <datafield tag="999" ind1="C" ind2="5">
    <subfield code="s">Nucl.Phys.,B126,298</subfield>
  </datafield>
  <datafield tag="999" ind1="C" ind2="5">
    <subfield code="s">Sov.Phys.JETP,3,65</subfield>
  </datafield>
  <datafield tag="999" ind1="C" ind2="5">
    <subfield code="s">Nucl.Phys.,B330,261</subfield>
  </datafield>
  <datafield tag="999" ind1="C" ind2="5">
    <subfield code="s">Nucl.Phys.,B304,767</subfield>
  </datafield>
  <datafield tag="999" ind1="C" ind2="5">
    <subfield code="s">Nucl.Phys.,B310,571</subfield>
  </datafield>
  <datafield tag="999" ind1="C" ind2="5">
    <subfield code="s">Comput.Phys.Commun.,58,271</subfield>
  </datafield>
  <datafield tag="999" ind1="C" ind2="5">
    <subfield code="s">Phys.Lett.,B134,275</subfield>
  </datafield>
  <datafield tag="999" ind1="C" ind2="5">
    <subfield code="s">Phys.Lett.,B157,340</subfield>
  </datafield>
  <datafield tag="999" ind1="C" ind2="5">
    <subfield code="s">Z.Phys.,C28,31</subfield>
  </datafield>
  <datafield tag="999" ind1="C" ind2="5">
    <subfield code="s">Phys.Lett.,B261,334</subfield>
  </datafield>
  <datafield tag="999" ind1="C" ind2="5">
    <subfield code="s">Z.Phys.,C68,531</subfield>
  </datafield>
  <datafield tag="999" ind1="C" ind2="5">
    <subfield code="r">hep-ex/9706012</subfield>
    <subfield code="s">Phys.Lett.,B414,419</subfield>
  </datafield>
  <datafield tag="999" ind1="C" ind2="5">
    <subfield code="s">Phys.Rev.,D50,5562</subfield>
  </datafield>
  <datafield tag="999" ind1="C" ind2="5">
    <subfield code="s">Rev.Mod.Phys.,60,373</subfield>
  </datafield>
  <datafield tag="999" ind1="C" ind2="5">
    <subfield code="s">Phys.Lett.,B229,289</subfield>
  </datafield>
  <datafield tag="999" ind1="C" ind2="5">
    <subfield code="s">Phys.Lett.,B241,255</subfield>
  </datafield>
  <datafield tag="999" ind1="C" ind2="5">
    <subfield code="s">Nucl.Phys.,B355,54</subfield>
  </datafield>
  <datafield tag="999" ind1="C" ind2="5">
    <subfield code="s">Nucl.Phys.,B349,635</subfield>
  </datafield>
  <datafield tag="999" ind1="C" ind2="5">
    <subfield code="r">hep-ph/9806531</subfield>
    <subfield code="s">JHEP,9810,006</subfield>
  </datafield>
  <datafield tag="999" ind1="C" ind2="5">
    <subfield code="s">Phys.Rev.,D15,2590</subfield>
  </datafield>
  <datafield tag="999" ind1="C" ind2="5">
    <subfield code="s">Z.Phys.,C20,317</subfield>
  </datafield>
  <datafield tag="999" ind1="C" ind2="5">
    <subfield code="s">Phys.Lett.,B83,207</subfield>
  </datafield>
  <datafield tag="999" ind1="C" ind2="5">
    <subfield code="s">Nucl.Phys.,B181,335</subfield>
  </datafield>
  <datafield tag="999" ind1="C" ind2="5">
    <subfield code="s">Nucl.Phys.,B238,492</subfield>
  </datafield>
  <datafield tag="999" ind1="C" ind2="5">
    <subfield code="s">Nucl.Phys.,B213,65</subfield>
  </datafield>
  <datafield tag="999" ind1="C" ind2="5">
    <subfield code="s">Comput.Phys.Commun.,82,74</subfield>
  </datafield>
  <datafield tag="999" ind1="C" ind2="5">
    <subfield code="r">hep-ph/9605286</subfield>
    <subfield code="s">Comput.Phys.Commun.,101,108</subfield>
  </datafield>
  <datafield tag="999" ind1="C" ind2="5">
    <subfield code="s">Comput.Phys.Commun.,71,15</subfield>
  </datafield>
  <datafield tag="999" ind1="C" ind2="5">
    <subfield code="r">hep-ph/9609360</subfield>
    <subfield code="s">Comput.Phys.Commun.,101,232</subfield>
  </datafield>
  <datafield tag="999" ind1="C" ind2="5">
    <subfield code="r">hep-ph/9711417</subfield>
    <subfield code="s">Comput.Phys.Commun.,112,227</subfield>
  </datafield>
  <datafield tag="999" ind1="C" ind2="5">
    <subfield code="r">hep-ph/9406266</subfield>
    <subfield code="s">Z.Phys.,C66,285</subfield>
  </datafield>
  <datafield tag="999" ind1="C" ind2="5">
    <subfield code="s">Phys.Rev.Lett.,75,17</subfield>
  </datafield>
  <datafield tag="999" ind1="C" ind2="5">
    <subfield code="r">hep-ph/9502385</subfield>
    <subfield code="s">Phys.Rev.,D53,1329</subfield>
  </datafield>
  <datafield tag="999" ind1="C" ind2="5">
    <subfield code="r">hep-ph/9506354</subfield>
    <subfield code="s">Phys.Rev.Lett.,75,2276</subfield>
  </datafield>
  <datafield tag="999" ind1="C" ind2="5">
    <subfield code="s">Nucl.Phys.,B261,297</subfield>
  </datafield>
  <datafield tag="999" ind1="C" ind2="5">
    <subfield code="s">Phys.Rev.Lett.,55,166</subfield>
  </datafield>
  <datafield tag="999" ind1="C" ind2="5">
    <subfield code="s">Phys.Rev.,D46,303</subfield>
  </datafield>
  <datafield tag="999" ind1="C" ind2="5">
    <subfield code="s">Phys.Rev.,D45,142</subfield>
  </datafield>
  <datafield tag="999" ind1="C" ind2="5">
    <subfield code="r">hep-ph/9306204</subfield>
    <subfield code="s">Phys.Lett.,B315,349</subfield>
  </datafield>
  <datafield tag="999" ind1="C" ind2="5">
    <subfield code="r">hep-ph/9310291</subfield>
    <subfield code="s">Phys.Rev.,D49,3270</subfield>
  </datafield>
  <datafield tag="999" ind1="C" ind2="5">
    <subfield code="r">hep-ph/9412329</subfield>
    <subfield code="s">Phys.Rev.,D52,133</subfield>
  </datafield>
  <datafield tag="999" ind1="C" ind2="5">
    <subfield code="r">hep-ph/9403307</subfield>
    <subfield code="s">Phys.Rev.,D50,2148</subfield>
  </datafield>
  <datafield tag="999" ind1="C" ind2="5">
    <subfield code="r">hep-ph/9512383</subfield>
    <subfield code="s">Phys.Rev.,D53,6241</subfield>
  </datafield>
  <datafield tag="999" ind1="C" ind2="5">
    <subfield code="r">hep-ph/9811402</subfield>
    <subfield code="s">Nucl.Phys.,B547,60</subfield>
  </datafield>
  <datafield tag="999" ind1="C" ind2="5">
    <subfield code="r">hep-ph/9904282</subfield>
    <subfield code="s">Phys.Rev.,D60,075004</subfield>
  </datafield>
  <datafield tag="999" ind1="C" ind2="5">
    <subfield code="r">hep-ph/9907505</subfield>
    <subfield code="s">Phys.Lett.,B467,225</subfield>
  </datafield>
  <datafield tag="999" ind1="C" ind2="5">
    <subfield code="r">hep-ex/9902010</subfield>
  </datafield>
  <datafield tag="999" ind1="C" ind2="5">
    <subfield code="r">hep-ph/9906233</subfield>
    <subfield code="s">Phys.Rev.,D61,095007</subfield>
  </datafield>
  <datafield tag="999" ind1="C" ind2="5">
    <subfield code="r">hep-ph/9305344</subfield>
    <subfield code="s">Phys.Rev.,D49,183</subfield>
  </datafield>
  <datafield tag="999" ind1="C" ind2="5">
    <subfield code="s">Phys.Rev.Lett.,50,1539</subfield>
  </datafield>
  <datafield tag="999" ind1="C" ind2="5">
    <subfield code="s">Phys.Rev.,D28,145</subfield>
  </datafield>
  <datafield tag="999" ind1="C" ind2="5">
    <subfield code="s">Phys.Lett.,B196,395</subfield>
  </datafield>
  <datafield tag="999" ind1="C" ind2="5">
    <subfield code="r">hep-ph/9905386</subfield>
    <subfield code="s">Phys.Rev.,D60,113006</subfield>
  </datafield>
  <datafield tag="999" ind1="C" ind2="5">
    <subfield code="r">hep-ph/9801375</subfield>
    <subfield code="s">Nucl.Phys.,B529,424</subfield>
  </datafield>
  <datafield tag="999" ind1="C" ind2="5">
    <subfield code="r">hep-ph/9707345</subfield>
    <subfield code="s">Nucl.Phys.,B507,315</subfield>
  </datafield>
  <datafield tag="999" ind1="C" ind2="5">
    <subfield code="s">Nucl.Phys.,B373,295</subfield>
  </datafield>
  <datafield tag="999" ind1="C" ind2="5">
    <subfield code="r">hep-ph/9907231</subfield>
    <subfield code="s">Eur.Phys.J.,C14,133</subfield>
  </datafield>
  <datafield tag="999" ind1="C" ind2="5">
    <subfield code="r">hep-ph/9805205</subfield>
  </datafield>
  <datafield tag="999" ind1="C" ind2="5">
    <subfield code="s">Prog.Part.Nucl.Phys.,32,351</subfield>
  </datafield>
  <datafield tag="999" ind1="C" ind2="5">
    <subfield code="s">Phys.Lett.,B332,251</subfield>
  </datafield>
  <datafield tag="999" ind1="C" ind2="5">
    <subfield code="s">Phys.Lett.,B348,19</subfield>
  </datafield>
  <datafield tag="999" ind1="C" ind2="5">
    <subfield code="r">hep-ex/9706023</subfield>
  </datafield>
  <datafield tag="999" ind1="C" ind2="5">
    <subfield code="r">hep-ph/9503295</subfield>
    <subfield code="s">Phys.Lett.,B352,365</subfield>
  </datafield>
  <datafield tag="999" ind1="C" ind2="5">
    <subfield code="r">hep-ph/9804364</subfield>
    <subfield code="s">Phys.Lett.,B434,163</subfield>
  </datafield>
  <datafield tag="999" ind1="C" ind2="5">
    <subfield code="r">hep-ph/9511357</subfield>
    <subfield code="s">Phys.Lett.,B374,87</subfield>
  </datafield>
  <datafield tag="999" ind1="C" ind2="5">
    <subfield code="r">hep-ph/0004130</subfield>
  </datafield>
  <datafield tag="999" ind1="C" ind2="5">
    <subfield code="s">Phys.Lett.,B349,585</subfield>
  </datafield>
  <datafield tag="999" ind1="C" ind2="5">
    <subfield code="s">Phys.Lett.,B361,179</subfield>
  </datafield>
  <datafield tag="999" ind1="C" ind2="5">
    <subfield code="r">hep-ph/9609201</subfield>
    <subfield code="s">Phys.Lett.,B389,700</subfield>
  </datafield>
  <datafield tag="999" ind1="C" ind2="5">
    <subfield code="r">hep-ph/9811333</subfield>
    <subfield code="s">Phys.Lett.,B446,363</subfield>
  </datafield>
  <datafield tag="999" ind1="C" ind2="5">
    <subfield code="r">hep-ph/9508271</subfield>
    <subfield code="s">Nucl.Phys.,B461,19</subfield>
  </datafield>
  <datafield tag="999" ind1="C" ind2="5">
    <subfield code="r">hep-ph/9602260</subfield>
    <subfield code="s">Rept.Prog.Phys.,59,1493</subfield>
  </datafield>
  <datafield tag="999" ind1="C" ind2="5">
    <subfield code="r">hep-ex/9902031</subfield>
    <subfield code="s">Phys.Lett.,B450,467</subfield>
  </datafield>
  <datafield tag="999" ind1="C" ind2="5">
    <subfield code="r">hep-ex/9908025</subfield>
  </datafield>
  <datafield tag="999" ind1="C" ind2="5">
    <subfield code="s">Phys.Lett.,B256,457</subfield>
  </datafield>
  <datafield tag="999" ind1="C" ind2="5">
    <subfield code="s">Phys.Lett.,B258,45</subfield>
  </datafield>
  <datafield tag="999" ind1="C" ind2="5">
    <subfield code="r">hep-ph/9207221</subfield>
    <subfield code="s">Nucl.Phys.,B410,188</subfield>
  </datafield>
  <datafield tag="999" ind1="C" ind2="5">
    <subfield code="s">Astropart.Phys.,1,77</subfield>
  </datafield>
  <datafield tag="999" ind1="C" ind2="5">
    <subfield code="s">Phys.Rev.Lett.,41,287</subfield>
  </datafield>
  <datafield tag="999" ind1="C" ind2="5">
    <subfield code="s">Phys.Rev.,D19,1605</subfield>
  </datafield>
  <datafield tag="999" ind1="C" ind2="5">
    <subfield code="s">Phys.Rev.,D30,22</subfield>
  </datafield>
  <datafield tag="999" ind1="C" ind2="5">
    <subfield code="r">hep-ph/9908288</subfield>
  </datafield>
  <datafield tag="999" ind1="C" ind2="5">
    <subfield code="r">hep-ph/9601292</subfield>
    <subfield code="s">Nucl.Phys.,B478,46</subfield>
  </datafield>
  <datafield tag="999" ind1="C" ind2="5">
    <subfield code="s">Phys.Rev.,D46,381</subfield>
  </datafield>
  <datafield tag="999" ind1="C" ind2="5">
    <subfield code="s">Phys.Rev.Lett.,65,964</subfield>
  </datafield>
  <datafield tag="999" ind1="C" ind2="5">
    <subfield code="s">Phys.Rev.Lett.,65,2963</subfield>
  </datafield>
  <datafield tag="999" ind1="C" ind2="5">
    <subfield code="s">Phys.Lett.,B253,161</subfield>
  </datafield>
  <datafield tag="999" ind1="C" ind2="5">
    <subfield code="s">Nucl.Phys.,B369,3</subfield>
  </datafield>
  <datafield tag="999" ind1="C" ind2="5">
    <subfield code="s">Phys.Lett.,B279,169</subfield>
  </datafield>
  <datafield tag="999" ind1="C" ind2="5">
    <subfield code="s">Phys.Rev.,D36,96</subfield>
  </datafield>
  <datafield tag="999" ind1="C" ind2="5">
    <subfield code="r">hep-ph/9404342</subfield>
    <subfield code="s">Phys.Rev.,D50,4517</subfield>
  </datafield>
  <datafield tag="999" ind1="C" ind2="5">
    <subfield code="r">hep-ph/9706307</subfield>
  </datafield>
  <datafield tag="999" ind1="C" ind2="5">
    <subfield code="s">Z.Phys.,C64,499</subfield>
  </datafield>
  <datafield tag="999" ind1="C" ind2="5">
    <subfield code="r">hep-ph/9709445</subfield>
    <subfield code="s">Phys.Rev.,D57,2969</subfield>
  </datafield>
  <datafield tag="520" ind1=" " ind2=" ">
    <subfield code="a">In recent years there has been a great deal of interest in R-parity violating supersymmetric models. We explain the motivation for studying these models and explore the various phenomenological consequences of R-parity violation. It has become essential for the experimental study of any new model to have a Monte Carlo event generator which includes the processes predicted by that model. We review the techniques used in the construction of these simulations and show how we have extended the HERWIG event generator to include R-parity violating processes. We discuss how to treat the emission of QCD radiation in these processes including colour coherence effects via the angular-ordered parton shower. We then make use of this simulation to investigate the discovery potential for resonant slepton production, via either supersymmetric gauge or R-parity violating decay modes, in hadron-hadron collisions. Finally, we look at the possibility that the KARMEN time anomaly can be explained by the existence of a light neutralino which is produced and decays via R-parity violation.</subfield>
  </datafield>
  <datafield tag="856" ind1="4" ind2=" ">
    <subfield code="w">2236856</subfield>
    <subfield code="y">CERNKEY</subfield>
    <subfield code="u">http://alice.cern.ch/format/showfull?sysnb=2236856</subfield>
  </datafield>
  <datafield tag="037" ind1=" " ind2=" ">
    <subfield code="a">hep-ph/0101105</subfield>
    <subfield code="9">arXiv</subfield>
    <subfield code="c">hep-ph</subfield>
  </datafield>
  <datafield tag="035" ind1=" " ind2=" ">
    <subfield code="a">oai:arXiv.org:hep-ph/0101105</subfield>
    <subfield code="z">oai:arXiv.org:hep-ph/0101105</subfield>
    <subfield code="9">arXiv</subfield>
  </datafield>
  <datafield tag="245" ind1=" " ind2=" ">
    <subfield code="a">Simulations of R-parity violating SUSY models</subfield>
  </datafield>
  <datafield tag="300" ind1=" " ind2=" ">
    <subfield code="a">207</subfield>
  </datafield>
  <datafield tag="500" ind1=" " ind2=" ">
    <subfield code="a">Ph.D. Thesis</subfield>
  </datafield>
  <datafield tag="695" ind1=" " ind2=" ">
    <subfield code="a">thesis</subfield>
    <subfield code="2">INSPIRE</subfield>
  </datafield>
  <datafield tag="695" ind1=" " ind2=" ">
    <subfield code="a">electroweak interaction</subfield>
    <subfield code="2">INSPIRE</subfield>
  </datafield>
  <datafield tag="695" ind1=" " ind2=" ">
    <subfield code="a">supersymmetry</subfield>
    <subfield code="2">INSPIRE</subfield>
  </datafield>
  <datafield tag="695" ind1=" " ind2=" ">
    <subfield code="a">R parity: violation</subfield>
    <subfield code="2">INSPIRE</subfield>
  </datafield>
  <datafield tag="695" ind1=" " ind2=" ">
    <subfield code="a">quantum chromodynamics</subfield>
    <subfield code="2">INSPIRE</subfield>
  </datafield>
  <datafield tag="695" ind1=" " ind2=" ">
    <subfield code="a">radiation: emission</subfield>
    <subfield code="2">INSPIRE</subfield>
  </datafield>
  <datafield tag="695" ind1=" " ind2=" ">
    <subfield code="a">color: coherence</subfield>
    <subfield code="2">INSPIRE</subfield>
  </datafield>
  <datafield tag="695" ind1=" " ind2=" ">
    <subfield code="a">showers: parton</subfield>
    <subfield code="2">INSPIRE</subfield>
  </datafield>
  <datafield tag="695" ind1=" " ind2=" ">
    <subfield code="a">hadron hadron: interaction</subfield>
    <subfield code="2">INSPIRE</subfield>
  </datafield>
  <datafield tag="695" ind1=" " ind2=" ">
    <subfield code="a">slepton: hadroproduction</subfield>
    <subfield code="2">INSPIRE</subfield>
  </datafield>
  <datafield tag="695" ind1=" " ind2=" ">
    <subfield code="a">slepton: decay modes</subfield>
    <subfield code="2">INSPIRE</subfield>
  </datafield>
  <datafield tag="695" ind1=" " ind2=" ">
    <subfield code="a">coupling: Yukawa</subfield>
    <subfield code="2">INSPIRE</subfield>
  </datafield>
  <datafield tag="695" ind1=" " ind2=" ">
    <subfield code="a">neutralino: leptonic decay</subfield>
    <subfield code="2">INSPIRE</subfield>
  </datafield>
  <datafield tag="695" ind1=" " ind2=" ">
    <subfield code="a">numerical calculations: Monte Carlo</subfield>
    <subfield code="2">INSPIRE</subfield>
  </datafield>
  <datafield tag="695" ind1=" " ind2=" ">
    <subfield code="a">interpretation of experiments</subfield>
    <subfield code="2">INSPIRE</subfield>
  </datafield>
  <datafield tag="695" ind1=" " ind2=" ">
    <subfield code="a">bibliography</subfield>
    <subfield code="2">INSPIRE</subfield>
  </datafield>
  <datafield tag="035" ind1=" " ind2=" ">
    <subfield code="z">D01-10692</subfield>
    <subfield code="9">DESY</subfield>
  </datafield>
  <datafield tag="035" ind1=" " ind2=" ">
    <subfield code="z">2236856</subfield>
    <subfield code="9">CERNKEY</subfield>
  </datafield>
  <datafield tag="210" ind1=" " ind2=" ">
    <subfield code="a">Supersymmetry</subfield>
  </datafield>
  <datafield tag="246" ind1=" " ind2=" ">
    <subfield code="a">Simulations of R-parity violating SUSY models</subfield>
    <subfield code="9">arXiv</subfield>
  </datafield>
  <datafield tag="595" ind1=" " ind2=" ">
    <subfield code="a">References from LaTeX</subfield>
    <subfield code="9">SPIRES-HIDDEN</subfield>
  </datafield>
  <datafield tag="595" ind1=" " ind2=" ">
    <subfield code="a">TeXtitle from script</subfield>
    <subfield code="9">SPIRES-HIDDEN</subfield>
  </datafield>
  <datafield tag="035" ind1=" " ind2=" ">
    <subfield code="z">Richardson:2000nt</subfield>
    <subfield code="9">SPIRESTeX</subfield>
  </datafield>
  <datafield tag="980" ind1=" " ind2=" ">
    <subfield code="a">arXiv</subfield>
  </datafield>
  <datafield tag="980" ind1=" " ind2=" ">
    <subfield code="a">Citeable</subfield>
  </datafield>
  <datafield tag="980" ind1=" " ind2=" ">
    <subfield code="a">Thesis</subfield>
  </datafield>
  <datafield tag="980" ind1=" " ind2=" ">
    <subfield code="a">CORE</subfield>
  </datafield>
  <datafield tag="269" ind1=" " ind2=" ">
    <subfield code="c">2000-08</subfield>
  </datafield>
  <datafield tag="961" ind1=" " ind2=" ">
    <subfield code="x">2001-01-11</subfield>
  </datafield>
  <datafield tag="961" ind1=" " ind2=" ">
    <subfield code="c">2011-10-28</subfield>
  </datafield>
</record>