<record>
  <controlfield tag="005">20121024011554.0</controlfield>
  <datafield tag="693" ind1=" " ind2=" ">
    <subfield code="e">SLAC-E-131</subfield>
  </datafield>
  <datafield tag="690" ind1="C" ind2=" ">
    <subfield code="2">INSPIRE</subfield>
    <subfield code="a">Published</subfield>
  </datafield>
  <datafield tag="595" ind1=" " ind2=" ">
    <subfield code="9">SPIRES-HIDDEN</subfield>
    <subfield code="a">Article 1 of issue</subfield>
  </datafield>
  <datafield tag="595" ind1=" " ind2=" ">
    <subfield code="9">SPIRES-HIDDEN</subfield>
    <subfield code="a">Date generated by sul from dadd value</subfield>
  </datafield>
  <datafield tag="650" ind1="1" ind2="7">
    <subfield code="2">INSPIRE</subfield>
    <subfield code="a">Experiment-HEP</subfield>
  </datafield>
  <datafield tag="773" ind1=" " ind2=" ">
    <subfield code="c">961</subfield>
    <subfield code="p">Phys.Rev.</subfield>
    <subfield code="v">D31</subfield>
    <subfield code="y">1985</subfield>
  </datafield>
  <datafield tag="970" ind1=" " ind2=" ">
    <subfield code="a">SPIRES-1294539</subfield>
  </datafield>
  <datafield tag="300" ind1=" " ind2=" ">
    <subfield code="a">18</subfield>
  </datafield>
  <datafield tag="520" ind1=" " ind2=" ">
    <subfield code="9">HEPDATA</subfield>
    <subfield code="h">PLAB=16GEV/C. 2-M STREAMER CHAMBER DATA AT SLAC. SMALL PT DATA.</subfield>
  </datafield>
  <datafield tag="999" ind1="C" ind2="5">
    <subfield code="s">Phys.Rev.,D15,2590</subfield>
  </datafield>
  <datafield tag="999" ind1="C" ind2="5">
    <subfield code="s">Nucl.Phys.,B73,269</subfield>
  </datafield>
  <datafield tag="999" ind1="C" ind2="5">
    <subfield code="s">Phys.Rev.Lett.,25,316</subfield>
  </datafield>
  <datafield tag="999" ind1="C" ind2="5">
    <subfield code="s">Phys.Rev.,D4,3418</subfield>
  </datafield>
  <datafield tag="999" ind1="C" ind2="5">
    <subfield code="s">Phys.Rev.,D8,2267</subfield>
  </datafield>
  <datafield tag="999" ind1="C" ind2="5">
    <subfield code="s">Phys.Rev.,D17,1336</subfield>
  </datafield>
  <datafield tag="999" ind1="C" ind2="5">
    <subfield code="s">Phys.Rev.,D13,2934</subfield>
  </datafield>
  <datafield tag="999" ind1="C" ind2="5">
    <subfield code="s">Nucl.Instrum.Meth.,185,107</subfield>
  </datafield>
  <datafield tag="999" ind1="C" ind2="5">
    <subfield code="s">Phys.Rev.,D27,1439</subfield>
  </datafield>
  <datafield tag="999" ind1="C" ind2="5">
    <subfield code="s">Nucl.Phys.,B166,284</subfield>
  </datafield>
  <datafield tag="999" ind1="C" ind2="5">
    <subfield code="s">Nucl.Phys.,B85,269</subfield>
  </datafield>
  <datafield tag="999" ind1="C" ind2="5">
    <subfield code="s">Phys.Lett.,B70,373</subfield>
  </datafield>
  <datafield tag="980" ind1=" " ind2=" ">
    <subfield code="a">Published</subfield>
  </datafield>
  <datafield tag="980" ind1=" " ind2=" ">
    <subfield code="a">Citeable</subfield>
  </datafield>
  <datafield tag="980" ind1=" " ind2=" ">
    <subfield code="a">CORE</subfield>
  </datafield>
  <datafield tag="695" ind1=" " ind2=" ">
    <subfield code="2">INSPIRE</subfield>
    <subfield code="a">PI+ P: INCLUSIVE REACTION</subfield>
  </datafield>
  <datafield tag="695" ind1=" " ind2=" ">
    <subfield code="2">INSPIRE</subfield>
    <subfield code="a">K*(892): HADROPRODUCTION</subfield>
  </datafield>
  <datafield tag="695" ind1=" " ind2=" ">
    <subfield code="2">INSPIRE</subfield>
    <subfield code="a">HADROPRODUCTION: K*(892)</subfield>
  </datafield>
  <datafield tag="695" ind1=" " ind2=" ">
    <subfield code="2">INSPIRE</subfield>
    <subfield code="a">K*(892): ANTIPARTICLE</subfield>
  </datafield>
  <datafield tag="695" ind1=" " ind2=" ">
    <subfield code="2">INSPIRE</subfield>
    <subfield code="a">DIFFERENTIAL CROSS SECTION: X-DEPENDENCE</subfield>
  </datafield>
  <datafield tag="695" ind1=" " ind2=" ">
    <subfield code="2">INSPIRE</subfield>
    <subfield code="a">X-DEPENDENCE: DIFFERENTIAL CROSS SECTION</subfield>
  </datafield>
  <datafield tag="695" ind1=" " ind2=" ">
    <subfield code="2">INSPIRE</subfield>
    <subfield code="a">TRANSVERSE MOMENTUM: SPECTRUM</subfield>
  </datafield>
  <datafield tag="695" ind1=" " ind2=" ">
    <subfield code="2">INSPIRE</subfield>
    <subfield code="a">SPECTRUM: TRANSVERSE MOMENTUM</subfield>
  </datafield>
  <datafield tag="695" ind1=" " ind2=" ">
    <subfield code="2">INSPIRE</subfield>
    <subfield code="a">MASS SPECTRUM: (K PI)</subfield>
  </datafield>
  <datafield tag="695" ind1=" " ind2=" ">
    <subfield code="2">INSPIRE</subfield>
    <subfield code="a">(K PI): MASS SPECTRUM</subfield>
  </datafield>
  <datafield tag="695" ind1=" " ind2=" ">
    <subfield code="2">INSPIRE</subfield>
    <subfield code="a">STRUCTURE FUNCTION</subfield>
  </datafield>
  <datafield tag="695" ind1=" " ind2=" ">
    <subfield code="2">INSPIRE</subfield>
    <subfield code="a">STREAMER CHAMBER: EXPERIMENTAL RESULTS</subfield>
  </datafield>
  <datafield tag="695" ind1=" " ind2=" ">
    <subfield code="2">INSPIRE</subfield>
    <subfield code="a">SLAC LINAC</subfield>
  </datafield>
  <datafield tag="695" ind1=" " ind2=" ">
    <subfield code="2">INSPIRE</subfield>
    <subfield code="a">16 GEV/C</subfield>
  </datafield>
  <datafield tag="700" ind1=" " ind2=" ">
    <subfield code="a">Mann, W.A.</subfield>
    <subfield code="u">Tufts U.</subfield>
  </datafield>
  <datafield tag="700" ind1=" " ind2=" ">
    <subfield code="a">Maruyama, T.</subfield>
    <subfield code="u">Tufts U.</subfield>
  </datafield>
  <datafield tag="700" ind1=" " ind2=" ">
    <subfield code="a">Milburn, Richard H.</subfield>
    <subfield code="u">Tufts U.</subfield>
  </datafield>
  <datafield tag="700" ind1=" " ind2=" ">
    <subfield code="a">Hylen, J.</subfield>
    <subfield code="u">Michigan State U.</subfield>
  </datafield>
  <datafield tag="700" ind1=" " ind2=" ">
    <subfield code="a">Ma, Z.Ming</subfield>
    <subfield code="u">Michigan State U.</subfield>
  </datafield>
  <datafield tag="700" ind1=" " ind2=" ">
    <subfield code="a">Devanand Baba, P.V.K.S.</subfield>
    <subfield code="u">Jammu U.</subfield>
  </datafield>
  <datafield tag="700" ind1=" " ind2=" ">
    <subfield code="a">Kaul, G.L.</subfield>
    <subfield code="u">Jammu U.</subfield>
  </datafield>
  <datafield tag="700" ind1=" " ind2=" ">
    <subfield code="a">Gupta, V.K.</subfield>
    <subfield code="u">Jammu U.</subfield>
  </datafield>
  <datafield tag="700" ind1=" " ind2=" ">
    <subfield code="a">Rao, N.K.</subfield>
    <subfield code="u">Jammu U.</subfield>
  </datafield>
  <datafield tag="700" ind1=" " ind2=" ">
    <subfield code="a">Singh, G.</subfield>
    <subfield code="u">Jammu U.</subfield>
  </datafield>
  <datafield tag="856" ind1="4" ind2=" ">
    <subfield code="u">http://www.adsabs.harvard.edu/abs/1985PhRvD..31..961J</subfield>
    <subfield code="w">1985PhRvD..31..961J</subfield>
    <subfield code="y">ADSABS</subfield>
  </datafield>
  <datafield tag="856" ind1="4" ind2=" ">
    <subfield code="u">http://dx.doi.org/10.1103/PhysRevD.31.961</subfield>
    <subfield code="w">10.1103/PhysRevD.31.961</subfield>
    <subfield code="y">DOI</subfield>
  </datafield>
  <datafield tag="856" ind1="4" ind2=" ">
    <subfield code="u">http://link.aps.org/abstract/PRD/V31/P961/</subfield>
    <subfield code="w">V31/P961/</subfield>
    <subfield code="y">PHRVA-D</subfield>
  </datafield>
  <datafield tag="856" ind1="4" ind2=" ">
    <subfield code="u">http://durpdg.dur.ac.uk/cgi-hepdata/hepreac/1294539</subfield>
    <subfield code="w">1294539</subfield>
    <subfield code="y">DURHAM</subfield>
  </datafield>
  <datafield tag="245" ind1=" " ind2=" ">
    <subfield code="a">PRODUCTION OF THE anti-K*0 (890) RESONANCE IN pi+ p INTERACTIONS AT 16-GeV/c</subfield>
  </datafield>
  <datafield tag="024" ind1="7" ind2=" ">
    <subfield code="2">DOI</subfield>
    <subfield code="a">10.1103/PhysRevD.31.961</subfield>
  </datafield>
  <datafield tag="961" ind1=" " ind2=" ">
    <subfield code="x">1984-12</subfield>
  </datafield>
  <datafield tag="961" ind1=" " ind2=" ">
    <subfield code="c">2011-09-08</subfield>
  </datafield>
  <datafield tag="100" ind1=" " ind2=" ">
    <subfield code="a">Jawahery, A.</subfield>
    <subfield code="u">Tufts U.</subfield>
  </datafield>
  <datafield tag="269" ind1=" " ind2=" ">
    <subfield code="c">1984-12</subfield>
  </datafield>
  <datafield tag="037" ind1=" " ind2=" ">
    <subfield code="a">TUEP-84-1</subfield>
  </datafield>
  <datafield tag="035" ind1=" " ind2=" ">
    <subfield code="9">DESY</subfield>
    <subfield code="z">D85-04613</subfield>
  </datafield>
  <datafield tag="035" ind1=" " ind2=" ">
    <subfield code="9">SPIRESTeX</subfield>
    <subfield code="z">Jawahery:1984tw</subfield>
  </datafield>
</record>