<record>
  <controlfield tag="005">20120730214018.0</controlfield>
  <datafield tag="024" ind1="7" ind2=" ">
    <subfield code="2">DOI</subfield>
    <subfield code="a">10.1063/1.2750811</subfield>
  </datafield>
  <datafield tag="100" ind1=" " ind2=" ">
    <subfield code="a">Khorramian, Ali N.</subfield>
    <subfield code="u">Semnan U.</subfield>
    <subfield code="u">IPM, Tehran</subfield>
    <subfield code="u">Persian Gulf U.</subfield>
  </datafield>
  <datafield tag="700" ind1=" " ind2=" ">
    <subfield code="a">Atashbar Tehrani, S.</subfield>
    <subfield code="u">Semnan U.</subfield>
    <subfield code="u">IPM, Tehran</subfield>
    <subfield code="u">Persian Gulf U.</subfield>
  </datafield>
  <datafield tag="773" ind1=" " ind2=" ">
    <subfield code="p">AIP Conf.Proc.</subfield>
    <subfield code="v">915</subfield>
    <subfield code="c">420-423</subfield>
    <subfield code="y">2007</subfield>
  </datafield>
  <datafield tag="773" ind1=" " ind2=" ">
    <subfield code="w">C06/10/02</subfield>
    <subfield code="t">Prepared for</subfield>
    <subfield code="c">420-423</subfield>
  </datafield>
  <datafield tag="650" ind1="1" ind2="7">
    <subfield code="a">Phenomenology-HEP</subfield>
    <subfield code="2">INSPIRE</subfield>
  </datafield>
  <datafield tag="690" ind1="C" ind2=" ">
    <subfield code="a">Conference Paper</subfield>
    <subfield code="2">INSPIRE</subfield>
  </datafield>
  <datafield tag="856" ind1="4" ind2=" ">
    <subfield code="w">915/420</subfield>
    <subfield code="y">APCPC</subfield>
    <subfield code="u">http://link.aip.org/link/?APC/915/420</subfield>
  </datafield>
  <datafield tag="245" ind1=" " ind2=" ">
    <subfield code="a">The Jacobi polynomials QCD analysis for proton spin structure</subfield>
  </datafield>
  <datafield tag="300" ind1=" " ind2=" ">
    <subfield code="a">4</subfield>
  </datafield>
  <datafield tag="650" ind1="7" ind2=" ">
    <subfield code="a">12.38.Bx</subfield>
    <subfield code="2">PACS</subfield>
  </datafield>
  <datafield tag="650" ind1="7" ind2=" ">
    <subfield code="a">14.20.Dh</subfield>
    <subfield code="2">PACS</subfield>
  </datafield>
  <datafield tag="650" ind1="7" ind2=" ">
    <subfield code="a">13.88.+e</subfield>
    <subfield code="2">PACS</subfield>
  </datafield>
  <datafield tag="595" ind1=" " ind2=" ">
    <subfield code="a">References from user</subfield>
    <subfield code="9">SPIRES-HIDDEN</subfield>
  </datafield>
  <datafield tag="595" ind1=" " ind2=" ">
    <subfield code="a">Cites revised by ..cites.add on 01/10/11</subfield>
    <subfield code="9">SPIRES-HIDDEN</subfield>
  </datafield>
  <datafield tag="653" ind1="1" ind2=" ">
    <subfield code="a">quantum chromodynamics</subfield>
    <subfield code="9">author</subfield>
  </datafield>
  <datafield tag="653" ind1="1" ind2=" ">
    <subfield code="a">protons</subfield>
    <subfield code="9">author</subfield>
  </datafield>
  <datafield tag="653" ind1="1" ind2=" ">
    <subfield code="a">baryon spin</subfield>
    <subfield code="9">author</subfield>
  </datafield>
  <datafield tag="653" ind1="1" ind2=" ">
    <subfield code="a">structure functions</subfield>
    <subfield code="9">author</subfield>
  </datafield>
  <datafield tag="653" ind1="1" ind2=" ">
    <subfield code="a">polarisation</subfield>
    <subfield code="9">author</subfield>
  </datafield>
  <datafield tag="653" ind1="1" ind2=" ">
    <subfield code="a">parton model</subfield>
    <subfield code="9">author</subfield>
  </datafield>
  <datafield tag="035" ind1=" " ind2=" ">
    <subfield code="z">Khorramian:2007zza</subfield>
    <subfield code="9">SPIRESTeX</subfield>
  </datafield>
  <datafield tag="269" ind1=" " ind2=" ">
    <subfield code="c">2007</subfield>
  </datafield>
  <datafield tag="961" ind1=" " ind2=" ">
    <subfield code="x">2007-09-27</subfield>
  </datafield>
  <datafield tag="961" ind1=" " ind2=" ">
    <subfield code="c">2011-01-10</subfield>
  </datafield>
  <datafield tag="970" ind1=" " ind2=" ">
    <subfield code="a">SPIRES-7397682</subfield>
  </datafield>
  <datafield tag="980" ind1=" " ind2=" ">
    <subfield code="a">ConferencePaper</subfield>
  </datafield>
  <datafield tag="980" ind1=" " ind2=" ">
    <subfield code="a">Citeable</subfield>
  </datafield>
  <datafield tag="999" ind1="C" ind2="5">
    <subfield code="r">hep-ex/0407032</subfield>
    <subfield code="s">Phys.Rev.,D71,012003</subfield>
  </datafield>
  <datafield tag="999" ind1="C" ind2="5">
    <subfield code="s">Phys.Rev.,D15,2590</subfield>
  </datafield>
  <datafield tag="999" ind1="C" ind2="5">
    <subfield code="r">hep-ph/9402342</subfield>
    <subfield code="s">Phys.Lett.,B331,179</subfield>
  </datafield>
</record>