<record>
  <controlfield tag="005">20120727092148.0</controlfield>
  <datafield tag="024" ind1="7" ind2=" ">
    <subfield code="2">DOI</subfield>
    <subfield code="a">10.1142/S0217751X06031107</subfield>
  </datafield>
  <datafield tag="035" ind1=" " ind2=" ">
    <subfield code="a">oai:arXiv.org:hep-ph/0608224</subfield>
    <subfield code="z">oai:arXiv.org:hep-ph/0608224</subfield>
    <subfield code="9">arXiv</subfield>
  </datafield>
  <datafield tag="035" ind1=" " ind2=" ">
    <subfield code="z">D06-13331</subfield>
    <subfield code="9">DESY</subfield>
  </datafield>
  <datafield tag="035" ind1=" " ind2=" ">
    <subfield code="z">Mirjalili:2006hf</subfield>
    <subfield code="9">SPIRESTeX</subfield>
  </datafield>
  <datafield tag="970" ind1=" " ind2=" ">
    <subfield code="a">SPIRES-6879187</subfield>
  </datafield>
  <datafield tag="100" ind1=" " ind2=" ">
    <subfield code="a">Mirjalili, A.</subfield>
    <subfield code="u">Yazd U.</subfield>
  </datafield>
  <datafield tag="700" ind1=" " ind2=" ">
    <subfield code="a">Atashbar Tehrani, S.</subfield>
    <subfield code="u">Persian Gulf U.</subfield>
    <subfield code="u">IPM, Tehran</subfield>
  </datafield>
  <datafield tag="700" ind1=" " ind2=" ">
    <subfield code="a">Khorramian, Ali N.</subfield>
    <subfield code="u">Semnan U.</subfield>
    <subfield code="u">IPM, Tehran</subfield>
  </datafield>
  <datafield tag="773" ind1=" " ind2=" ">
    <subfield code="p">Int.J.Mod.Phys.</subfield>
    <subfield code="v">A21</subfield>
    <subfield code="c">4599-4616</subfield>
    <subfield code="y">2006</subfield>
  </datafield>
  <datafield tag="650" ind1="1" ind2="7">
    <subfield code="a">Phenomenology-HEP</subfield>
    <subfield code="2">INSPIRE</subfield>
  </datafield>
  <datafield tag="690" ind1="C" ind2=" ">
    <subfield code="a">Published</subfield>
    <subfield code="2">INSPIRE</subfield>
  </datafield>
  <datafield tag="520" ind1=" " ind2=" ">
    <subfield code="a">Next-to-leading order approximation of the quark helicity distributions are used in the frame work of polarized valon model. The flavor-asymmetry in the light-quark sea of the nucleon can be obtained from the contributions of unbroken sea quark distributions. We employ the polarized valon model and extract the flavor-broken light sea distributions which are modeled with the help of a Pauli-blocking ansatz. Using this ansatz, we can obtain broken polarized valon distributions. From there and by employing convolution integral, broken sea quark distributions are obtainable in this frame work. 0ur results for $\delta u$, $\delta d$, $\delta \bar u$, $\delta \bar d$ and $\delta \bar s$ are in good agreement with recent experimental data for polarized parton distribution from HERMES experimental group and also with GRSV model. Some information on orbital angular momentum as a main ingredient of total nucleon spin are given. The $Q^2$ evolution of this quantity, using the polarized valon model is investigated.</subfield>
  </datafield>
  <datafield tag="856" ind1="4" ind2=" ">
    <subfield code="w">10.1142/S0217751X06031107</subfield>
    <subfield code="y">DOI</subfield>
    <subfield code="u">http://dx.doi.org/10.1142/S0217751X06031107</subfield>
  </datafield>
  <datafield tag="856" ind1="4" ind2=" ">
    <subfield code="w">21/2122/S0217751X06031107.html</subfield>
    <subfield code="y">IMPAE-A</subfield>
    <subfield code="u">http://www.worldscinet.com/ijmpa/21/2122/S0217751X06031107.html</subfield>
  </datafield>
  <datafield tag="037" ind1=" " ind2=" ">
    <subfield code="a">hep-ph/0608224</subfield>
    <subfield code="9">arXiv</subfield>
    <subfield code="c">hep-ph</subfield>
  </datafield>
  <datafield tag="245" ind1=" " ind2=" ">
    <subfield code="a">The Role of Polarized Valons in the Flavor Symmetry Breaking of Nucleon Sea</subfield>
  </datafield>
  <datafield tag="300" ind1=" " ind2=" ">
    <subfield code="a">18</subfield>
  </datafield>
  <datafield tag="695" ind1=" " ind2=" ">
    <subfield code="a">lepton nucleon: deep inelastic scattering</subfield>
    <subfield code="2">INSPIRE</subfield>
  </datafield>
  <datafield tag="695" ind1=" " ind2=" ">
    <subfield code="a">nucleon: structure function</subfield>
    <subfield code="2">INSPIRE</subfield>
  </datafield>
  <datafield tag="695" ind1=" " ind2=" ">
    <subfield code="a">structure function: spin</subfield>
    <subfield code="2">INSPIRE</subfield>
  </datafield>
  <datafield tag="695" ind1=" " ind2=" ">
    <subfield code="a">parton: momentum spectrum</subfield>
    <subfield code="2">INSPIRE</subfield>
  </datafield>
  <datafield tag="695" ind1=" " ind2=" ">
    <subfield code="a">quark: helicity</subfield>
    <subfield code="2">INSPIRE</subfield>
  </datafield>
  <datafield tag="695" ind1=" " ind2=" ">
    <subfield code="a">quark: valence</subfield>
    <subfield code="2">INSPIRE</subfield>
  </datafield>
  <datafield tag="695" ind1=" " ind2=" ">
    <subfield code="a">quark: cluster</subfield>
    <subfield code="2">INSPIRE</subfield>
  </datafield>
  <datafield tag="695" ind1=" " ind2=" ">
    <subfield code="a">polarization: valon</subfield>
    <subfield code="2">INSPIRE</subfield>
  </datafield>
  <datafield tag="695" ind1=" " ind2=" ">
    <subfield code="a">quark: sea</subfield>
    <subfield code="2">INSPIRE</subfield>
  </datafield>
  <datafield tag="695" ind1=" " ind2=" ">
    <subfield code="a">flavor: asymmetry</subfield>
    <subfield code="2">INSPIRE</subfield>
  </datafield>
  <datafield tag="695" ind1=" " ind2=" ">
    <subfield code="a">fermion: statistics</subfield>
    <subfield code="2">INSPIRE</subfield>
  </datafield>
  <datafield tag="695" ind1=" " ind2=" ">
    <subfield code="a">quantum chromodynamics</subfield>
    <subfield code="2">INSPIRE</subfield>
  </datafield>
  <datafield tag="695" ind1=" " ind2=" ">
    <subfield code="a">perturbation theory: higher-order</subfield>
    <subfield code="2">INSPIRE</subfield>
  </datafield>
  <datafield tag="695" ind1=" " ind2=" ">
    <subfield code="a">quark: angular momentum</subfield>
    <subfield code="2">INSPIRE</subfield>
  </datafield>
  <datafield tag="695" ind1=" " ind2=" ">
    <subfield code="a">gluon: angular momentum</subfield>
    <subfield code="2">INSPIRE</subfield>
  </datafield>
  <datafield tag="695" ind1=" " ind2=" ">
    <subfield code="a">numerical calculations</subfield>
    <subfield code="2">INSPIRE</subfield>
  </datafield>
  <datafield tag="246" ind1=" " ind2=" ">
    <subfield code="a">The role of polarized valons in the flavor symmetry breaking of nucleon sea.</subfield>
    <subfield code="9">arXiv</subfield>
  </datafield>
  <datafield tag="650" ind1="7" ind2=" ">
    <subfield code="a">13.60.Hb</subfield>
    <subfield code="2">PACS</subfield>
  </datafield>
  <datafield tag="650" ind1="7" ind2=" ">
    <subfield code="a">12.39.-x</subfield>
    <subfield code="2">PACS</subfield>
  </datafield>
  <datafield tag="650" ind1="7" ind2=" ">
    <subfield code="a">13.88.+e</subfield>
    <subfield code="2">PACS</subfield>
  </datafield>
  <datafield tag="595" ind1=" " ind2=" ">
    <subfield code="a">3 PACS from LaTeX</subfield>
    <subfield code="9">SPIRES-HIDDEN</subfield>
  </datafield>
  <datafield tag="595" ind1=" " ind2=" ">
    <subfield code="a">PPF.CHECKS done 14:18:18 10/02/06 by LI.ARW</subfield>
    <subfield code="9">SPIRES-HIDDEN</subfield>
  </datafield>
  <datafield tag="595" ind1=" " ind2=" ">
    <subfield code="a">Cites revised by ..cites.add on 10/19/06</subfield>
    <subfield code="9">SPIRES-HIDDEN</subfield>
  </datafield>
  <datafield tag="653" ind1="1" ind2=" ">
    <subfield code="a">Valon model</subfield>
    <subfield code="9">author</subfield>
  </datafield>
  <datafield tag="653" ind1="1" ind2=" ">
    <subfield code="a">parton distribution</subfield>
    <subfield code="9">author</subfield>
  </datafield>
  <datafield tag="653" ind1="1" ind2=" ">
    <subfield code="a">moment of structure function</subfield>
    <subfield code="9">author</subfield>
  </datafield>
  <datafield tag="653" ind1="1" ind2=" ">
    <subfield code="a">spin contribution</subfield>
    <subfield code="9">author</subfield>
  </datafield>
  <datafield tag="980" ind1=" " ind2=" ">
    <subfield code="a">Published</subfield>
  </datafield>
  <datafield tag="980" ind1=" " ind2=" ">
    <subfield code="a">arXiv</subfield>
  </datafield>
  <datafield tag="980" ind1=" " ind2=" ">
    <subfield code="a">Citeable</subfield>
  </datafield>
  <datafield tag="980" ind1=" " ind2=" ">
    <subfield code="a">CORE</subfield>
  </datafield>
  <datafield tag="999" ind1="C" ind2="5">
    <subfield code="r">hep-ph/9508347</subfield>
    <subfield code="s">Phys.Rev.,D53,4775</subfield>
  </datafield>
  <datafield tag="999" ind1="C" ind2="5">
    <subfield code="r">hep-ph/9512406</subfield>
    <subfield code="s">Phys.Rev.,D53,6100</subfield>
  </datafield>
  <datafield tag="999" ind1="C" ind2="5">
    <subfield code="r">hep-ph/9510449</subfield>
    <subfield code="s">Phys.Lett.,B378,255</subfield>
  </datafield>
  <datafield tag="999" ind1="C" ind2="5">
    <subfield code="r">hep-ph/9701289</subfield>
    <subfield code="s">Nucl.Phys.,B496,337</subfield>
  </datafield>
  <datafield tag="999" ind1="C" ind2="5">
    <subfield code="r">hep-ph/9803237</subfield>
    <subfield code="s">Acta Phys.Polon.,B29,1145</subfield>
  </datafield>
  <datafield tag="999" ind1="C" ind2="5">
    <subfield code="r">hep-ph/9705344</subfield>
    <subfield code="s">Phys.Lett.,B405,180</subfield>
  </datafield>
  <datafield tag="999" ind1="C" ind2="5">
    <subfield code="s">Phys.Rev.,D58,112002</subfield>
  </datafield>
  <datafield tag="999" ind1="C" ind2="5">
    <subfield code="r">hep-ph/9803229</subfield>
    <subfield code="s">Prog.Theor.Phys.,99,1017</subfield>
  </datafield>
  <datafield tag="999" ind1="C" ind2="5">
    <subfield code="r">hep-ph/9711440</subfield>
    <subfield code="s">Phys.Rev.,D57,5803</subfield>
  </datafield>
  <datafield tag="999" ind1="C" ind2="5">
    <subfield code="r">hep-ph/9708335</subfield>
    <subfield code="s">Int.J.Mod.Phys.,A13,5573</subfield>
  </datafield>
  <datafield tag="999" ind1="C" ind2="5">
    <subfield code="r">hep-ph/9807251</subfield>
    <subfield code="s">Phys.Rev.,D58,114028</subfield>
  </datafield>
  <datafield tag="999" ind1="C" ind2="5">
    <subfield code="r">hep-ph/9808248</subfield>
    <subfield code="s">Phys.Lett.,B445,232</subfield>
  </datafield>
  <datafield tag="999" ind1="C" ind2="5">
    <subfield code="r">hep-ph/9905512</subfield>
    <subfield code="s">Phys.Lett.,B462,189</subfield>
  </datafield>
  <datafield tag="999" ind1="C" ind2="5">
    <subfield code="r">hep-ph/0004106</subfield>
    <subfield code="s">Phys.Lett.,B488,283</subfield>
  </datafield>
  <datafield tag="999" ind1="C" ind2="5">
    <subfield code="r">hep-ph/9803351</subfield>
    <subfield code="s">Phys.Rev.,D58,094017</subfield>
  </datafield>
  <datafield tag="999" ind1="C" ind2="5">
    <subfield code="r">hep-ph/9903411</subfield>
    <subfield code="s">Acta Phys.Polon.,B31,647</subfield>
  </datafield>
  <datafield tag="999" ind1="C" ind2="5">
    <subfield code="r">hep-ph/0004251</subfield>
    <subfield code="s">Acta Phys.Polon.,B32,2101</subfield>
  </datafield>
  <datafield tag="999" ind1="C" ind2="5">
    <subfield code="r">hep-ph/0001287</subfield>
    <subfield code="s">Phys.Rev.,D62,094012</subfield>
  </datafield>
  <datafield tag="999" ind1="C" ind2="5">
    <subfield code="r">hep-ph/0007068</subfield>
    <subfield code="s">Phys.Rev.,D62,094025</subfield>
  </datafield>
  <datafield tag="999" ind1="C" ind2="5">
    <subfield code="r">hep-ph/0001046</subfield>
    <subfield code="s">Phys.Rev.,D62,034017</subfield>
  </datafield>
  <datafield tag="999" ind1="C" ind2="5">
    <subfield code="r">hep-ph/0011215</subfield>
    <subfield code="s">Phys.Rev.,D63,094005</subfield>
  </datafield>
  <datafield tag="999" ind1="C" ind2="5">
    <subfield code="r">hep-ph/0203155</subfield>
    <subfield code="s">Nucl.Phys.,B636,225</subfield>
  </datafield>
  <datafield tag="999" ind1="C" ind2="5">
    <subfield code="r">hep-ph/0411390</subfield>
    <subfield code="s">JHEP,0410,062</subfield>
  </datafield>
  <datafield tag="999" ind1="C" ind2="5">
    <subfield code="s">Phys.Rev.Lett.,37,1261</subfield>
  </datafield>
  <datafield tag="999" ind1="C" ind2="5">
    <subfield code="s">Phys.Rev.Lett.,45,2000</subfield>
  </datafield>
  <datafield tag="999" ind1="C" ind2="5">
    <subfield code="s">Phys.Rev.Lett.,51,1135</subfield>
  </datafield>
  <datafield tag="999" ind1="C" ind2="5">
    <subfield code="s">Phys.Lett.,B206,364</subfield>
  </datafield>
  <datafield tag="999" ind1="C" ind2="5">
    <subfield code="s">Nucl.Phys.,B328,1</subfield>
  </datafield>
  <datafield tag="999" ind1="C" ind2="5">
    <subfield code="s">Phys.Rev.,D58,112001</subfield>
  </datafield>
  <datafield tag="999" ind1="C" ind2="5">
    <subfield code="s">Phys.Rev.,D58,120003</subfield>
  </datafield>
  <datafield tag="999" ind1="C" ind2="5">
    <subfield code="r">hep-ex/9610007</subfield>
    <subfield code="s">Phys.Rev.,D54,6620</subfield>
  </datafield>
  <datafield tag="999" ind1="C" ind2="5">
    <subfield code="r">hep-ex/9703005</subfield>
    <subfield code="s">Phys.Lett.,B404,383</subfield>
  </datafield>
  <datafield tag="999" ind1="C" ind2="5">
    <subfield code="r">hep-ex/9807015</subfield>
    <subfield code="s">Phys.Lett.,B442,484</subfield>
  </datafield>
  <datafield tag="999" ind1="C" ind2="5">
    <subfield code="r">hep-ex/9705012</subfield>
    <subfield code="s">Phys.Rev.Lett.,79,26</subfield>
  </datafield>
  <datafield tag="999" ind1="C" ind2="5">
    <subfield code="r">hep-ex/9904002</subfield>
    <subfield code="s">Phys.Lett.,B463,339</subfield>
  </datafield>
  <datafield tag="999" ind1="C" ind2="5">
    <subfield code="r">hep-ph/0007248</subfield>
    <subfield code="s">Phys.Lett.,B493,19</subfield>
  </datafield>
  <datafield tag="999" ind1="C" ind2="5">
    <subfield code="r">hep-ex/0307064</subfield>
    <subfield code="s">Phys.Rev.Lett.,92,012005</subfield>
  </datafield>
  <datafield tag="999" ind1="C" ind2="5">
    <subfield code="r">hep-ex/0407032</subfield>
    <subfield code="s">Phys.Rev.,D71,012003</subfield>
  </datafield>
  <datafield tag="999" ind1="C" ind2="5">
    <subfield code="s">Phys.Rev.,D22,759</subfield>
  </datafield>
  <datafield tag="999" ind1="C" ind2="5">
    <subfield code="s">Phys.Rev.,D22,1593</subfield>
  </datafield>
  <datafield tag="999" ind1="C" ind2="5">
    <subfield code="s">Phys.Rev.,D23,2539</subfield>
  </datafield>
  <datafield tag="999" ind1="C" ind2="5">
    <subfield code="r">hep-ph/0202140</subfield>
    <subfield code="s">Phys.Rev.,C66,025204</subfield>
  </datafield>
  <datafield tag="999" ind1="C" ind2="5">
    <subfield code="r">hep-ph/0204289</subfield>
    <subfield code="s">Phys.Rev.,C66,025205</subfield>
  </datafield>
  <datafield tag="999" ind1="C" ind2="5">
    <subfield code="r">hep-ph/9702367</subfield>
    <subfield code="s">Phys.Rept.,303,183</subfield>
  </datafield>
  <datafield tag="999" ind1="C" ind2="5">
    <subfield code="s">Phys.Rev.,D15,2590</subfield>
  </datafield>
  <datafield tag="999" ind1="C" ind2="5">
    <subfield code="r">hep-ph/9510304</subfield>
    <subfield code="s">Phys.Rev.Lett.,76,740</subfield>
  </datafield>
  <datafield tag="999" ind1="C" ind2="5">
    <subfield code="r">hep-ph/0303031</subfield>
    <subfield code="s">Phys.Rev.,C67,045201</subfield>
  </datafield>
  <datafield tag="999" ind1="C" ind2="5">
    <subfield code="r">hep-ph/0002182</subfield>
    <subfield code="s">Mod.Phys.Lett.,A15,883</subfield>
  </datafield>
  <datafield tag="999" ind1="C" ind2="5">
    <subfield code="r">hep-ph/0011300</subfield>
    <subfield code="s">Eur.Phys.J.,C19,77</subfield>
  </datafield>
  <datafield tag="999" ind1="C" ind2="5">
    <subfield code="s">Phys.Lett.,B192,180</subfield>
  </datafield>
  <datafield tag="269" ind1=" " ind2=" ">
    <subfield code="c">2006-08</subfield>
  </datafield>
  <datafield tag="961" ind1=" " ind2=" ">
    <subfield code="x">2006-08-21</subfield>
  </datafield>
  <datafield tag="961" ind1=" " ind2=" ">
    <subfield code="c">2007-10-01</subfield>
  </datafield>
</record>