<record>
  <controlfield tag="005">20121024013318.0</controlfield>
  <datafield tag="595" ind1=" " ind2=" ">
    <subfield code="9">SPIRES-HIDDEN</subfield>
    <subfield code="a">Title standardized on 5/30/2006</subfield>
  </datafield>
  <datafield tag="595" ind1=" " ind2=" ">
    <subfield code="9">SPIRES-HIDDEN</subfield>
    <subfield code="a">DOI from CrossRef</subfield>
  </datafield>
  <datafield tag="595" ind1=" " ind2=" ">
    <subfield code="9">SPIRES-HIDDEN</subfield>
    <subfield code="a">desy-keyword change 10.31.10</subfield>
  </datafield>
  <datafield tag="210" ind1=" " ind2=" ">
    <subfield code="a">D MESON</subfield>
  </datafield>
  <datafield tag="980" ind1=" " ind2=" ">
    <subfield code="a">Published</subfield>
  </datafield>
  <datafield tag="980" ind1=" " ind2=" ">
    <subfield code="a">Citeable</subfield>
  </datafield>
  <datafield tag="980" ind1=" " ind2=" ">
    <subfield code="a">CORE</subfield>
  </datafield>
  <datafield tag="980" ind1=" " ind2=" ">
    <subfield code="a">HEP</subfield>
  </datafield>
  <datafield tag="700" ind1=" " ind2=" ">
    <subfield code="a">Feldman, G.J.</subfield>
  </datafield>
  <datafield tag="700" ind1=" " ind2=" ">
    <subfield code="a">Abrams, G.S.</subfield>
  </datafield>
  <datafield tag="700" ind1=" " ind2=" ">
    <subfield code="a">Alam, M.S.</subfield>
  </datafield>
  <datafield tag="700" ind1=" " ind2=" ">
    <subfield code="a">Barbaro-Galtieri, Angela</subfield>
  </datafield>
  <datafield tag="700" ind1=" " ind2=" ">
    <subfield code="a">Boyarski, A.</subfield>
  </datafield>
  <datafield tag="700" ind1=" " ind2=" ">
    <subfield code="a">Breidenbach, Martin</subfield>
  </datafield>
  <datafield tag="700" ind1=" " ind2=" ">
    <subfield code="a">Chinowsky, William</subfield>
  </datafield>
  <datafield tag="700" ind1=" " ind2=" ">
    <subfield code="a">Dorfan, J.</subfield>
  </datafield>
  <datafield tag="700" ind1=" " ind2=" ">
    <subfield code="a">Ely, R.</subfield>
  </datafield>
  <datafield tag="700" ind1=" " ind2=" ">
    <subfield code="a">Feller, J.M.</subfield>
  </datafield>
  <datafield tag="700" ind1=" " ind2=" ">
    <subfield code="a">Fong, A.</subfield>
  </datafield>
  <datafield tag="700" ind1=" " ind2=" ">
    <subfield code="a">Gobbi, B.</subfield>
  </datafield>
  <datafield tag="700" ind1=" " ind2=" ">
    <subfield code="a">Goldhaber, G.</subfield>
  </datafield>
  <datafield tag="700" ind1=" " ind2=" ">
    <subfield code="a">Hanson, G.</subfield>
  </datafield>
  <datafield tag="700" ind1=" " ind2=" ">
    <subfield code="a">Jaros, J.</subfield>
  </datafield>
  <datafield tag="700" ind1=" " ind2=" ">
    <subfield code="a">Kadyk, J.A.</subfield>
  </datafield>
  <datafield tag="700" ind1=" " ind2=" ">
    <subfield code="a">Kwan, B.P.</subfield>
  </datafield>
  <datafield tag="700" ind1=" " ind2=" ">
    <subfield code="a">Larsen, Rudolf R.</subfield>
  </datafield>
  <datafield tag="700" ind1=" " ind2=" ">
    <subfield code="a">Lecomte, P.</subfield>
  </datafield>
  <datafield tag="700" ind1=" " ind2=" ">
    <subfield code="a">Litke, A.</subfield>
  </datafield>
  <datafield tag="700" ind1=" " ind2=" ">
    <subfield code="a">Luke, D.</subfield>
  </datafield>
  <datafield tag="700" ind1=" " ind2=" ">
    <subfield code="a">Luth, V.</subfield>
  </datafield>
  <datafield tag="700" ind1=" " ind2=" ">
    <subfield code="a">Madaras, R.</subfield>
  </datafield>
  <datafield tag="700" ind1=" " ind2=" ">
    <subfield code="a">Martin, J.F.</subfield>
  </datafield>
  <datafield tag="700" ind1=" " ind2=" ">
    <subfield code="a">Miller, Donald H.</subfield>
  </datafield>
  <datafield tag="700" ind1=" " ind2=" ">
    <subfield code="a">Parker, S.I.</subfield>
  </datafield>
  <datafield tag="700" ind1=" " ind2=" ">
    <subfield code="a">Paterson, J.M.</subfield>
  </datafield>
  <datafield tag="700" ind1=" " ind2=" ">
    <subfield code="a">Perl, Martin L.</subfield>
  </datafield>
  <datafield tag="700" ind1=" " ind2=" ">
    <subfield code="a">Peruzzi, I.</subfield>
  </datafield>
  <datafield tag="700" ind1=" " ind2=" ">
    <subfield code="a">Piccolo, M.</subfield>
  </datafield>
  <datafield tag="700" ind1=" " ind2=" ">
    <subfield code="a">Pun, T.</subfield>
  </datafield>
  <datafield tag="700" ind1=" " ind2=" ">
    <subfield code="a">Richter, Burton</subfield>
  </datafield>
  <datafield tag="700" ind1=" " ind2=" ">
    <subfield code="a">Ronan, M.T.</subfield>
  </datafield>
  <datafield tag="700" ind1=" " ind2=" ">
    <subfield code="a">Ross, Ronald R.</subfield>
  </datafield>
  <datafield tag="700" ind1=" " ind2=" ">
    <subfield code="a">Scharre, D.L.</subfield>
  </datafield>
  <datafield tag="700" ind1=" " ind2=" ">
    <subfield code="a">Schindler, R.H.</subfield>
  </datafield>
  <datafield tag="700" ind1=" " ind2=" ">
    <subfield code="a">Siegrist, J.</subfield>
  </datafield>
  <datafield tag="700" ind1=" " ind2=" ">
    <subfield code="a">Trippe, T.G.</subfield>
  </datafield>
  <datafield tag="700" ind1=" " ind2=" ">
    <subfield code="a">Vuillemin, V.</subfield>
  </datafield>
  <datafield tag="700" ind1=" " ind2=" ">
    <subfield code="a">Wiss, J.</subfield>
  </datafield>
  <datafield tag="700" ind1=" " ind2=" ">
    <subfield code="a">Yount, D.</subfield>
  </datafield>
  <datafield tag="269" ind1=" " ind2=" ">
    <subfield code="c">1978-08</subfield>
  </datafield>
  <datafield tag="035" ind1=" " ind2=" ">
    <subfield code="9">DESY</subfield>
    <subfield code="z">D79-02797</subfield>
  </datafield>
  <datafield tag="035" ind1=" " ind2=" ">
    <subfield code="9">DESY</subfield>
    <subfield code="z">D79-08004</subfield>
  </datafield>
  <datafield tag="035" ind1=" " ind2=" ">
    <subfield code="9">SPIRESTeX</subfield>
    <subfield code="z">Rapidis:1978uh</subfield>
  </datafield>
  <datafield tag="693" ind1=" " ind2=" ">
    <subfield code="e">SLAC-SP-017</subfield>
  </datafield>
  <datafield tag="693" ind1=" " ind2=" ">
    <subfield code="e">SLAC-SP-026</subfield>
  </datafield>
  <datafield tag="690" ind1="C" ind2=" ">
    <subfield code="2">INSPIRE</subfield>
    <subfield code="a">Published</subfield>
  </datafield>
  <datafield tag="970" ind1=" " ind2=" ">
    <subfield code="a">SPIRES-338486</subfield>
  </datafield>
  <datafield tag="037" ind1=" " ind2=" ">
    <subfield code="a">SLAC-PUB-2184</subfield>
  </datafield>
  <datafield tag="037" ind1=" " ind2=" ">
    <subfield code="a">LBL-8143</subfield>
  </datafield>
  <datafield tag="650" ind1="1" ind2="7">
    <subfield code="2">INSPIRE</subfield>
    <subfield code="a">Experiment-HEP</subfield>
  </datafield>
  <datafield tag="773" ind1=" " ind2=" ">
    <subfield code="c">507</subfield>
    <subfield code="p">Phys.Lett.</subfield>
    <subfield code="v">B84</subfield>
    <subfield code="y">1979</subfield>
  </datafield>
  <datafield tag="300" ind1=" " ind2=" ">
    <subfield code="a">10</subfield>
  </datafield>
  <datafield tag="520" ind1=" " ind2=" ">
    <subfield code="9">HEPDATA</subfield>
    <subfield code="h">SLAC-SPEAR, MARK 1 MAGNETIC DETECTOR COLLABORATION (SLAC-LBL-NORTHWESTERN-HAWAII). INCLUSIVE PRODUCTION OF D(1870) MESONS. NUMERICAL VALUES OF INCLUSIVE D(1870) DISTRIBUTIONS ARE TAKEN FROM THE THESIS OF P. A. RAPIDIS, SLAC-220 (JUN 1979).</subfield>
  </datafield>
  <datafield tag="999" ind1="C" ind2="5">
    <subfield code="s">Phys.Rev.,D15,2590</subfield>
  </datafield>
  <datafield tag="999" ind1="C" ind2="5">
    <subfield code="s">Nucl.Phys.,B108,483</subfield>
  </datafield>
  <datafield tag="999" ind1="C" ind2="5">
    <subfield code="s">Nucl.Phys.,B123,47</subfield>
  </datafield>
  <datafield tag="999" ind1="C" ind2="5">
    <subfield code="s">Phys.Lett.,B70,51</subfield>
  </datafield>
  <datafield tag="999" ind1="C" ind2="5">
    <subfield code="s">Phys.Lett.,B71,121</subfield>
  </datafield>
  <datafield tag="999" ind1="C" ind2="5">
    <subfield code="s">Nucl.Phys.,B136,333</subfield>
  </datafield>
  <datafield tag="999" ind1="C" ind2="5">
    <subfield code="s">Phys.Lett.,B68,157</subfield>
  </datafield>
  <datafield tag="999" ind1="C" ind2="5">
    <subfield code="s">Phys.Lett.,B68,164</subfield>
  </datafield>
  <datafield tag="999" ind1="C" ind2="5">
    <subfield code="s">Phys.Lett.,B71,139</subfield>
  </datafield>
  <datafield tag="999" ind1="C" ind2="5">
    <subfield code="s">Phys.Rev.,D17,171</subfield>
  </datafield>
  <datafield tag="999" ind1="C" ind2="5">
    <subfield code="s">Nucl.Phys.,B138,465</subfield>
  </datafield>
  <datafield tag="999" ind1="C" ind2="5">
    <subfield code="s">Phys.Rev.Lett.,41,73</subfield>
  </datafield>
  <datafield tag="999" ind1="C" ind2="5">
    <subfield code="s">Phys.Rev.Lett.,34,233</subfield>
  </datafield>
  <datafield tag="999" ind1="C" ind2="5">
    <subfield code="s">Phys.Rev.,D15,1814</subfield>
  </datafield>
  <datafield tag="999" ind1="C" ind2="5">
    <subfield code="s">Phys.Rev.Lett.,39,1058</subfield>
  </datafield>
  <datafield tag="999" ind1="C" ind2="5">
    <subfield code="s">Phys.Rev.Lett.,39,526</subfield>
  </datafield>
  <datafield tag="999" ind1="C" ind2="5">
    <subfield code="s">Phys.Rev.Lett.,37,255</subfield>
  </datafield>
  <datafield tag="999" ind1="C" ind2="5">
    <subfield code="s">Phys.Rev.Lett.,37,569</subfield>
  </datafield>
  <datafield tag="999" ind1="C" ind2="5">
    <subfield code="s">Phys.Rev.Lett.,38,1313</subfield>
  </datafield>
  <datafield tag="999" ind1="C" ind2="5">
    <subfield code="s">Phys.Rev.Lett.,35,1609</subfield>
  </datafield>
  <datafield tag="999" ind1="C" ind2="5">
    <subfield code="s">Phys.Rev.Lett.,39,1301</subfield>
  </datafield>
  <datafield tag="999" ind1="C" ind2="5">
    <subfield code="s">Phys.Lett.,B70,120</subfield>
  </datafield>
  <datafield tag="856" ind1="4" ind2=" ">
    <subfield code="u">http://www.adsabs.harvard.edu/abs/1979PhLB...84..507R</subfield>
    <subfield code="w">1979PhLB...84..507R</subfield>
    <subfield code="y">ADSABS</subfield>
  </datafield>
  <datafield tag="856" ind1="4" ind2=" ">
    <subfield code="u">http://www-public.slac.stanford.edu/sciDoc/docMeta.aspx?slacPubNumber=SLAC-PUB-2184</subfield>
    <subfield code="w">2184</subfield>
    <subfield code="y">SLACPUB</subfield>
  </datafield>
  <datafield tag="856" ind1="4" ind2=" ">
    <subfield code="u">http://durpdg.dur.ac.uk/cgi-hepdata/hepreac/338486</subfield>
    <subfield code="w">338486</subfield>
    <subfield code="y">DURHAM</subfield>
  </datafield>
  <datafield tag="245" ind1=" " ind2=" ">
    <subfield code="a">INCLUSIVE PRODUCTION OF D MESONS IN e+ e- ANNIHILATION AT 7-GeV</subfield>
  </datafield>
  <datafield tag="024" ind1="7" ind2=" ">
    <subfield code="2">DOI</subfield>
    <subfield code="a">10.1016/0370-2693(79)91249-8</subfield>
  </datafield>
  <datafield tag="100" ind1=" " ind2=" ">
    <subfield code="a">Rapidis, Petros A.</subfield>
  </datafield>
  <datafield tag="902" ind1=" " ind2=" ">
    <subfield code="a">SLAC</subfield>
  </datafield>
  <datafield tag="902" ind1=" " ind2=" ">
    <subfield code="a">Stanford U., Phys. Dept.</subfield>
  </datafield>
  <datafield tag="902" ind1=" " ind2=" ">
    <subfield code="a">LBL, Berkeley</subfield>
  </datafield>
  <datafield tag="902" ind1=" " ind2=" ">
    <subfield code="a">UC, Berkeley</subfield>
  </datafield>
  <datafield tag="902" ind1=" " ind2=" ">
    <subfield code="a">Northwestern U.</subfield>
  </datafield>
  <datafield tag="902" ind1=" " ind2=" ">
    <subfield code="a">Hawaii U.</subfield>
  </datafield>
  <datafield tag="961" ind1=" " ind2=" ">
    <subfield code="x">1978-08</subfield>
  </datafield>
  <datafield tag="961" ind1=" " ind2=" ">
    <subfield code="c">2012-06-10</subfield>
  </datafield>
  <datafield tag="695" ind1=" " ind2=" ">
    <subfield code="2">INSPIRE</subfield>
    <subfield code="a">ELECTRON POSITRON: ANNIHILATION</subfield>
  </datafield>
  <datafield tag="695" ind1=" " ind2=" ">
    <subfield code="2">INSPIRE</subfield>
    <subfield code="a">ANNIHILATION: ELECTRON POSITRON</subfield>
  </datafield>
  <datafield tag="695" ind1=" " ind2=" ">
    <subfield code="2">INSPIRE</subfield>
    <subfield code="a">ELECTRON POSITRON: COLLIDING BEAMS</subfield>
  </datafield>
  <datafield tag="695" ind1=" " ind2=" ">
    <subfield code="2">INSPIRE</subfield>
    <subfield code="a">COLLIDING BEAMS: ELECTRON POSITRON</subfield>
  </datafield>
  <datafield tag="695" ind1=" " ind2=" ">
    <subfield code="2">INSPIRE</subfield>
    <subfield code="a">ELECTRON POSITRON: INCLUSIVE REACTION</subfield>
  </datafield>
  <datafield tag="695" ind1=" " ind2=" ">
    <subfield code="2">INSPIRE</subfield>
    <subfield code="a">D0: ELECTROPRODUCTION</subfield>
  </datafield>
  <datafield tag="695" ind1=" " ind2=" ">
    <subfield code="2">INSPIRE</subfield>
    <subfield code="a">ELECTROPRODUCTION: D0</subfield>
  </datafield>
  <datafield tag="695" ind1=" " ind2=" ">
    <subfield code="2">INSPIRE</subfield>
    <subfield code="a">ANTI-D0: ELECTROPRODUCTION</subfield>
  </datafield>
  <datafield tag="695" ind1=" " ind2=" ">
    <subfield code="2">INSPIRE</subfield>
    <subfield code="a">ELECTROPRODUCTION: ANTI-D0</subfield>
  </datafield>
  <datafield tag="695" ind1=" " ind2=" ">
    <subfield code="2">INSPIRE</subfield>
    <subfield code="a">D+: ELECTROPRODUCTION</subfield>
  </datafield>
  <datafield tag="695" ind1=" " ind2=" ">
    <subfield code="2">INSPIRE</subfield>
    <subfield code="a">ELECTROPRODUCTION: D+</subfield>
  </datafield>
  <datafield tag="695" ind1=" " ind2=" ">
    <subfield code="2">INSPIRE</subfield>
    <subfield code="a">D-: ELECTROPRODUCTION</subfield>
  </datafield>
  <datafield tag="695" ind1=" " ind2=" ">
    <subfield code="2">INSPIRE</subfield>
    <subfield code="a">ELECTROPRODUCTION: D-</subfield>
  </datafield>
  <datafield tag="695" ind1=" " ind2=" ">
    <subfield code="2">INSPIRE</subfield>
    <subfield code="a">DIFFERENTIAL CROSS SECTION: X-DEPENDENCE</subfield>
  </datafield>
  <datafield tag="695" ind1=" " ind2=" ">
    <subfield code="2">INSPIRE</subfield>
    <subfield code="a">MASS SPECTRUM: (K PI)</subfield>
  </datafield>
  <datafield tag="695" ind1=" " ind2=" ">
    <subfield code="2">INSPIRE</subfield>
    <subfield code="a">MASS SPECTRUM: (K 2PI)</subfield>
  </datafield>
  <datafield tag="695" ind1=" " ind2=" ">
    <subfield code="2">INSPIRE</subfield>
    <subfield code="a">QUARK: FRAGMENTATION</subfield>
  </datafield>
  <datafield tag="695" ind1=" " ind2=" ">
    <subfield code="2">INSPIRE</subfield>
    <subfield code="a">MARK I</subfield>
  </datafield>
  <datafield tag="695" ind1=" " ind2=" ">
    <subfield code="2">INSPIRE</subfield>
    <subfield code="a">EXPERIMENTAL RESULTS</subfield>
  </datafield>
  <datafield tag="695" ind1=" " ind2=" ">
    <subfield code="2">INSPIRE</subfield>
    <subfield code="a">SLAC SPEAR STOR</subfield>
  </datafield>
  <datafield tag="695" ind1=" " ind2=" ">
    <subfield code="2">INSPIRE</subfield>
    <subfield code="a">ELECTRON POSITRON --> D+ ANYTHING</subfield>
  </datafield>
  <datafield tag="695" ind1=" " ind2=" ">
    <subfield code="2">INSPIRE</subfield>
    <subfield code="a">ELECTRON POSITRON --> D- ANYTHING</subfield>
  </datafield>
  <datafield tag="695" ind1=" " ind2=" ">
    <subfield code="2">INSPIRE</subfield>
    <subfield code="a">ELECTRON POSITRON --> D0 ANYTHING</subfield>
  </datafield>
  <datafield tag="695" ind1=" " ind2=" ">
    <subfield code="2">INSPIRE</subfield>
    <subfield code="a">ELECTRON POSITRON --> ANTI-D0 ANYTHING</subfield>
  </datafield>
  <datafield tag="695" ind1=" " ind2=" ">
    <subfield code="2">INSPIRE</subfield>
    <subfield code="a">6.0-7.8 GEV-CM: ((2))</subfield>
  </datafield>
</record>