<record>
  <controlfield tag="005">20120810050720.0</controlfield>
  <datafield tag="035" ind1=" " ind2=" ">
    <subfield code="a">oai:arXiv.org:hep-ph/9912370</subfield>
    <subfield code="z">oai:arXiv.org:hep-ph/9912370</subfield>
    <subfield code="9">arXiv</subfield>
  </datafield>
  <datafield tag="035" ind1=" " ind2=" ">
    <subfield code="z">D00-03641</subfield>
    <subfield code="9">DESY</subfield>
  </datafield>
  <datafield tag="035" ind1=" " ind2=" ">
    <subfield code="z">Peng:1999es</subfield>
    <subfield code="9">SPIRESTeX</subfield>
  </datafield>
  <datafield tag="100" ind1=" " ind2=" ">
    <subfield code="a">Peng, Jen-Chieh</subfield>
    <subfield code="u">Los Alamos</subfield>
  </datafield>
  <datafield tag="700" ind1=" " ind2=" ">
    <subfield code="a">Garvey, Gerald T.</subfield>
    <subfield code="u">Los Alamos</subfield>
  </datafield>
  <datafield tag="650" ind1="1" ind2="7">
    <subfield code="a">Phenomenology-HEP</subfield>
    <subfield code="2">INSPIRE</subfield>
  </datafield>
  <datafield tag="690" ind1="C" ind2=" ">
    <subfield code="a">Review</subfield>
    <subfield code="2">INSPIRE</subfield>
  </datafield>
  <datafield tag="520" ind1=" " ind2=" ">
    <subfield code="a">Recent deep inelastic scattering and Drell-Yan experiments have revealed a surprisingly large asymmetry between the up and down sea quark distributions in the nucleon. In this article, we review the status of the flavor asymmetry of the nucleon sea. The implications of the recent results on various theoretical models as well as possible future measurements are also discussed.</subfield>
  </datafield>
  <datafield tag="037" ind1=" " ind2=" ">
    <subfield code="a">hep-ph/9912370</subfield>
    <subfield code="9">arXiv</subfield>
    <subfield code="c">hep-ph</subfield>
  </datafield>
  <datafield tag="037" ind1=" " ind2=" ">
    <subfield code="a">LA-UR-99-5003</subfield>
  </datafield>
  <datafield tag="245" ind1=" " ind2=" ">
    <subfield code="a">Flavor asymmetry of the sea quark distributions</subfield>
  </datafield>
  <datafield tag="300" ind1=" " ind2=" ">
    <subfield code="a">47</subfield>
  </datafield>
  <datafield tag="500" ind1=" " ind2=" ">
    <subfield code="a">To be published in 'Trend in Particle and Nuclear Physics', Volume 1, Plenum Press, New York</subfield>
  </datafield>
  <datafield tag="695" ind1=" " ind2=" ">
    <subfield code="a">review</subfield>
    <subfield code="2">INSPIRE</subfield>
  </datafield>
  <datafield tag="695" ind1=" " ind2=" ">
    <subfield code="a">nucleon: model</subfield>
    <subfield code="2">INSPIRE</subfield>
  </datafield>
  <datafield tag="695" ind1=" " ind2=" ">
    <subfield code="a">quark: sea</subfield>
    <subfield code="2">INSPIRE</subfield>
  </datafield>
  <datafield tag="695" ind1=" " ind2=" ">
    <subfield code="a">asymmetry: flavor</subfield>
    <subfield code="2">INSPIRE</subfield>
  </datafield>
  <datafield tag="695" ind1=" " ind2=" ">
    <subfield code="a">lepton nucleon: deep inelastic scattering</subfield>
    <subfield code="2">INSPIRE</subfield>
  </datafield>
  <datafield tag="695" ind1=" " ind2=" ">
    <subfield code="a">nucleon: structure function</subfield>
    <subfield code="2">INSPIRE</subfield>
  </datafield>
  <datafield tag="695" ind1=" " ind2=" ">
    <subfield code="a">sum rule: Gottfried</subfield>
    <subfield code="2">INSPIRE</subfield>
  </datafield>
  <datafield tag="695" ind1=" " ind2=" ">
    <subfield code="a">p p: inclusive reaction</subfield>
    <subfield code="2">INSPIRE</subfield>
  </datafield>
  <datafield tag="695" ind1=" " ind2=" ">
    <subfield code="a">p nucleus: inclusive reaction</subfield>
    <subfield code="2">INSPIRE</subfield>
  </datafield>
  <datafield tag="695" ind1=" " ind2=" ">
    <subfield code="a">lepton: pair production</subfield>
    <subfield code="2">INSPIRE</subfield>
  </datafield>
  <datafield tag="695" ind1=" " ind2=" ">
    <subfield code="a">Drell-Yan process</subfield>
    <subfield code="2">INSPIRE</subfield>
  </datafield>
  <datafield tag="695" ind1=" " ind2=" ">
    <subfield code="a">electron p: inclusive reaction</subfield>
    <subfield code="2">INSPIRE</subfield>
  </datafield>
  <datafield tag="695" ind1=" " ind2=" ">
    <subfield code="a">momentum spectrum: parton</subfield>
    <subfield code="2">INSPIRE</subfield>
  </datafield>
  <datafield tag="695" ind1=" " ind2=" ">
    <subfield code="a">fermion: statistics</subfield>
    <subfield code="2">INSPIRE</subfield>
  </datafield>
  <datafield tag="695" ind1=" " ind2=" ">
    <subfield code="a">Fock space</subfield>
    <subfield code="2">INSPIRE</subfield>
  </datafield>
  <datafield tag="695" ind1=" " ind2=" ">
    <subfield code="a">meson: effect</subfield>
    <subfield code="2">INSPIRE</subfield>
  </datafield>
  <datafield tag="695" ind1=" " ind2=" ">
    <subfield code="a">symmetry: chiral</subfield>
    <subfield code="2">INSPIRE</subfield>
  </datafield>
  <datafield tag="695" ind1=" " ind2=" ">
    <subfield code="a">instanton</subfield>
    <subfield code="2">INSPIRE</subfield>
  </datafield>
  <datafield tag="695" ind1=" " ind2=" ">
    <subfield code="a">charge: symmetry breaking</subfield>
    <subfield code="2">INSPIRE</subfield>
  </datafield>
  <datafield tag="695" ind1=" " ind2=" ">
    <subfield code="a">quark: strangeness</subfield>
    <subfield code="2">INSPIRE</subfield>
  </datafield>
  <datafield tag="695" ind1=" " ind2=" ">
    <subfield code="a">structure function: spin</subfield>
    <subfield code="2">INSPIRE</subfield>
  </datafield>
  <datafield tag="695" ind1=" " ind2=" ">
    <subfield code="a">W: hadroproduction</subfield>
    <subfield code="2">INSPIRE</subfield>
  </datafield>
  <datafield tag="695" ind1=" " ind2=" ">
    <subfield code="a">quark: polarization</subfield>
    <subfield code="2">INSPIRE</subfield>
  </datafield>
  <datafield tag="695" ind1=" " ind2=" ">
    <subfield code="a">numerical calculations: interpretation of experiments</subfield>
    <subfield code="2">INSPIRE</subfield>
  </datafield>
  <datafield tag="695" ind1=" " ind2=" ">
    <subfield code="a">bibliography</subfield>
    <subfield code="2">INSPIRE</subfield>
  </datafield>
  <datafield tag="246" ind1=" " ind2=" ">
    <subfield code="a">Flavor asymmetry of the sea quark distributions</subfield>
    <subfield code="9">arXiv</subfield>
  </datafield>
  <datafield tag="595" ind1=" " ind2=" ">
    <subfield code="a">TeXtitle from script</subfield>
    <subfield code="9">SPIRES-HIDDEN</subfield>
  </datafield>
  <datafield tag="595" ind1=" " ind2=" ">
    <subfield code="a">Cites revised by ..cites.add on 03/24/09</subfield>
    <subfield code="9">SPIRES-HIDDEN</subfield>
  </datafield>
  <datafield tag="269" ind1=" " ind2=" ">
    <subfield code="c">1999-12</subfield>
  </datafield>
  <datafield tag="961" ind1=" " ind2=" ">
    <subfield code="x">1999-12-16</subfield>
  </datafield>
  <datafield tag="961" ind1=" " ind2=" ">
    <subfield code="c">2009-03-24</subfield>
  </datafield>
  <datafield tag="970" ind1=" " ind2=" ">
    <subfield code="a">SPIRES-4269292</subfield>
  </datafield>
  <datafield tag="980" ind1=" " ind2=" ">
    <subfield code="a">Arxiv</subfield>
  </datafield>
  <datafield tag="980" ind1=" " ind2=" ">
    <subfield code="a">Citeable</subfield>
  </datafield>
  <datafield tag="980" ind1=" " ind2=" ">
    <subfield code="a">Review</subfield>
  </datafield>
  <datafield tag="980" ind1=" " ind2=" ">
    <subfield code="a">CORE</subfield>
  </datafield>
  <datafield tag="999" ind1="C" ind2="5">
    <subfield code="s">Phys.Rev.Lett.,23,930</subfield>
  </datafield>
  <datafield tag="999" ind1="C" ind2="5">
    <subfield code="s">Phys.Rev.Lett.,23,935</subfield>
  </datafield>
  <datafield tag="999" ind1="C" ind2="5">
    <subfield code="r">hep-ph/9806491</subfield>
    <subfield code="s">Phys.Rev.,D59,112001</subfield>
  </datafield>
  <datafield tag="999" ind1="C" ind2="5">
    <subfield code="s">Phys.Rev.,179,1547</subfield>
  </datafield>
  <datafield tag="999" ind1="C" ind2="5">
    <subfield code="s">Phys.Rev.Lett.,23,1415</subfield>
  </datafield>
  <datafield tag="999" ind1="C" ind2="5">
    <subfield code="s">Phys.Rev.,187,2159</subfield>
  </datafield>
  <datafield tag="999" ind1="C" ind2="5">
    <subfield code="s">Phys.Rev.,D1,1035</subfield>
  </datafield>
  <datafield tag="999" ind1="C" ind2="5">
    <subfield code="s">Phys.Rev.,D1,1617</subfield>
  </datafield>
  <datafield tag="999" ind1="C" ind2="5">
    <subfield code="s">Lett.Nuovo Cim.,4S1,569</subfield>
  </datafield>
  <datafield tag="999" ind1="C" ind2="5">
    <subfield code="s">Phys.Rev.,D5,1738</subfield>
  </datafield>
  <datafield tag="999" ind1="C" ind2="5">
    <subfield code="s">Phys.Rev.,185,1975</subfield>
  </datafield>
  <datafield tag="999" ind1="C" ind2="5">
    <subfield code="s">Phys.Rev.,D4,3418</subfield>
  </datafield>
  <datafield tag="999" ind1="C" ind2="5">
    <subfield code="s">Nucl.Phys.,B28,240</subfield>
  </datafield>
  <datafield tag="999" ind1="C" ind2="5">
    <subfield code="s">Phys.Lett.,8,214</subfield>
  </datafield>
  <datafield tag="999" ind1="C" ind2="5">
    <subfield code="s">Ann.Rev.Nucl.Part.Sci.,22,203</subfield>
  </datafield>
  <datafield tag="999" ind1="C" ind2="5">
    <subfield code="s">Z.Phys.,C1,143</subfield>
  </datafield>
  <datafield tag="999" ind1="C" ind2="5">
    <subfield code="s">Z.Phys.,C15,19</subfield>
  </datafield>
  <datafield tag="999" ind1="C" ind2="5">
    <subfield code="r">hep-ex/9707015</subfield>
    <subfield code="s">Rev.Mod.Phys.,70,1341</subfield>
  </datafield>
  <datafield tag="999" ind1="C" ind2="5">
    <subfield code="s">Phys.Rev.Lett.,18,1174</subfield>
  </datafield>
  <datafield tag="999" ind1="C" ind2="5">
    <subfield code="s">Phys.Rev.,D15,2590</subfield>
  </datafield>
  <datafield tag="999" ind1="C" ind2="5">
    <subfield code="s">Phys.Rev.Lett.,35,898</subfield>
  </datafield>
  <datafield tag="999" ind1="C" ind2="5">
    <subfield code="s">Phys.Rev.Lett.,35,901</subfield>
  </datafield>
  <datafield tag="999" ind1="C" ind2="5">
    <subfield code="s">Phys.Rev.,D20,2645</subfield>
  </datafield>
  <datafield tag="999" ind1="C" ind2="5">
    <subfield code="s">Nucl.Phys.,B293,740</subfield>
  </datafield>
  <datafield tag="999" ind1="C" ind2="5">
    <subfield code="s">Phys.Lett.,B237,599</subfield>
  </datafield>
  <datafield tag="999" ind1="C" ind2="5">
    <subfield code="s">Phys.Rev.,D20,1471</subfield>
  </datafield>
  <datafield tag="999" ind1="C" ind2="5">
    <subfield code="s">Phys.Rev.,D30,49</subfield>
  </datafield>
  <datafield tag="999" ind1="C" ind2="5">
    <subfield code="s">Rev.Mod.Phys.,56,579</subfield>
  </datafield>
  <datafield tag="999" ind1="C" ind2="5">
    <subfield code="s">Rev.Mod.Phys.,58,1065</subfield>
  </datafield>
  <datafield tag="999" ind1="C" ind2="5">
    <subfield code="s">Z.Phys.,C39,21</subfield>
  </datafield>
  <datafield tag="999" ind1="C" ind2="5">
    <subfield code="s">Phys.Lett.,B206,327</subfield>
  </datafield>
  <datafield tag="999" ind1="C" ind2="5">
    <subfield code="s">Phys.Rev.,D39,3275</subfield>
  </datafield>
  <datafield tag="999" ind1="C" ind2="5">
    <subfield code="s">Phys.Rev.Lett.,25,1523</subfield>
  </datafield>
  <datafield tag="999" ind1="C" ind2="5">
    <subfield code="s">Phys.Rev.Lett.,25,316</subfield>
  </datafield>
  <datafield tag="999" ind1="C" ind2="5">
    <subfield code="s">Phys.Rev.Lett.,39,252</subfield>
  </datafield>
  <datafield tag="999" ind1="C" ind2="5">
    <subfield code="s">Phys.Rev.Lett.,40,435</subfield>
  </datafield>
  <datafield tag="999" ind1="C" ind2="5">
    <subfield code="s">Phys.Rev.,D23,604</subfield>
  </datafield>
  <datafield tag="999" ind1="C" ind2="5">
    <subfield code="s">Phys.Rev.Lett.,46,1607</subfield>
  </datafield>
  <datafield tag="999" ind1="C" ind2="5">
    <subfield code="s">Phys.Lett.,B123,295</subfield>
  </datafield>
  <datafield tag="999" ind1="C" ind2="5">
    <subfield code="s">Phys.Lett.,B202,603</subfield>
  </datafield>
  <datafield tag="999" ind1="C" ind2="5">
    <subfield code="s">Phys.Lett.,B249,366</subfield>
  </datafield>
  <datafield tag="999" ind1="C" ind2="5">
    <subfield code="r">hep-ph/9503291</subfield>
    <subfield code="s">Nucl.Phys.,B441,3</subfield>
  </datafield>
  <datafield tag="999" ind1="C" ind2="5">
    <subfield code="s">Phys.Rev.Lett.,66,2712</subfield>
  </datafield>
  <datafield tag="999" ind1="C" ind2="5">
    <subfield code="s">Phys.Lett.,B282,475</subfield>
  </datafield>
  <datafield tag="999" ind1="C" ind2="5">
    <subfield code="s">Phys.Lett.,B237,592</subfield>
  </datafield>
  <datafield tag="999" ind1="C" ind2="5">
    <subfield code="s">Nucl.Phys.,B333,1</subfield>
  </datafield>
  <datafield tag="999" ind1="C" ind2="5">
    <subfield code="s">Phys.Rev.,D50,1</subfield>
  </datafield>
  <datafield tag="999" ind1="C" ind2="5">
    <subfield code="s">Phys.Lett.,B295,159</subfield>
  </datafield>
  <datafield tag="999" ind1="C" ind2="5">
    <subfield code="r">hep-ex/9611022</subfield>
    <subfield code="s">Nucl.Phys.,B487,3</subfield>
  </datafield>
  <datafield tag="999" ind1="C" ind2="5">
    <subfield code="r">hep-ph/9509406</subfield>
    <subfield code="s">Phys.Lett.,B364,107</subfield>
  </datafield>
  <datafield tag="999" ind1="C" ind2="5">
    <subfield code="r">hep-ph/9610231</subfield>
    <subfield code="s">Nucl.Phys.,B483,3</subfield>
  </datafield>
  <datafield tag="999" ind1="C" ind2="5">
    <subfield code="r">hep-ph/9604210</subfield>
    <subfield code="s">Ann.Rev.Nucl.Part.Sci.,46,609</subfield>
  </datafield>
  <datafield tag="999" ind1="C" ind2="5">
    <subfield code="s">Ann.Rev.Nucl.Part.Sci.,45,337</subfield>
  </datafield>
  <datafield tag="999" ind1="C" ind2="5">
    <subfield code="s">Phys.Lett.,B128,107</subfield>
  </datafield>
  <datafield tag="999" ind1="C" ind2="5">
    <subfield code="s">Phys.Lett.,B128,112</subfield>
  </datafield>
  <datafield tag="999" ind1="C" ind2="5">
    <subfield code="s">Phys.Rev.,D29,398</subfield>
  </datafield>
  <datafield tag="999" ind1="C" ind2="5">
    <subfield code="s">Phys.Rev.Lett.,64,2479</subfield>
  </datafield>
  <datafield tag="999" ind1="C" ind2="5">
    <subfield code="s">Phys.Rev.,D31,1004</subfield>
  </datafield>
  <datafield tag="999" ind1="C" ind2="5">
    <subfield code="s">Phys.Rev.Lett.,69,1726</subfield>
  </datafield>
  <datafield tag="999" ind1="C" ind2="5">
    <subfield code="s">Phys.Lett.,B256,258</subfield>
  </datafield>
  <datafield tag="999" ind1="C" ind2="5">
    <subfield code="s">Phys.Rev.,D45,2269</subfield>
  </datafield>
  <datafield tag="999" ind1="C" ind2="5">
    <subfield code="r">hep-ph/9803445</subfield>
    <subfield code="s">Eur.Phys.J.,C4,463</subfield>
  </datafield>
  <datafield tag="999" ind1="C" ind2="5">
    <subfield code="r">hep-ph/9408336</subfield>
    <subfield code="s">Phys.Lett.,B342,339</subfield>
  </datafield>
  <datafield tag="999" ind1="C" ind2="5">
    <subfield code="s">Phys.Lett.,B332,244</subfield>
  </datafield>
  <datafield tag="999" ind1="C" ind2="5">
    <subfield code="r">hep-ex/9803011</subfield>
    <subfield code="s">Phys.Rev.Lett.,80,3715</subfield>
  </datafield>
  <datafield tag="999" ind1="C" ind2="5">
    <subfield code="r">hep-ph/9606399</subfield>
    <subfield code="s">Phys.Rev.,D55,1280</subfield>
  </datafield>
  <datafield tag="999" ind1="C" ind2="5">
    <subfield code="r">hep-ph/9606345</subfield>
    <subfield code="s">Phys.Lett.,B387,419</subfield>
  </datafield>
  <datafield tag="999" ind1="C" ind2="5">
    <subfield code="r">hep-ph/9804288</subfield>
    <subfield code="s">Phys.Rev.,D58,092004</subfield>
  </datafield>
  <datafield tag="999" ind1="C" ind2="5">
    <subfield code="s">Nucl.Phys.,B51,611</subfield>
  </datafield>
  <datafield tag="999" ind1="C" ind2="5">
    <subfield code="s">Z.Phys.,C52,361</subfield>
  </datafield>
  <datafield tag="999" ind1="C" ind2="5">
    <subfield code="s">Phys.Lett.,B135,231</subfield>
  </datafield>
  <datafield tag="999" ind1="C" ind2="5">
    <subfield code="s">Z.Phys.,C25,29</subfield>
  </datafield>
  <datafield tag="999" ind1="C" ind2="5">
    <subfield code="s">Phys.Lett.,B263,498</subfield>
  </datafield>
  <datafield tag="999" ind1="C" ind2="5">
    <subfield code="r">hep-ex/9807013</subfield>
    <subfield code="s">Phys.Rev.Lett.,81,5519</subfield>
  </datafield>
  <datafield tag="999" ind1="C" ind2="5">
    <subfield code="s">Z.Phys.,C67,433</subfield>
  </datafield>
  <datafield tag="999" ind1="C" ind2="5">
    <subfield code="s">Phys.Lett.,B230,141</subfield>
  </datafield>
  <datafield tag="999" ind1="C" ind2="5">
    <subfield code="s">Phys.Rev.,D44,3691</subfield>
  </datafield>
  <datafield tag="999" ind1="C" ind2="5">
    <subfield code="s">Phys.Lett.,B369,93</subfield>
  </datafield>
  <datafield tag="999" ind1="C" ind2="5">
    <subfield code="r">hep-ex/9711008</subfield>
    <subfield code="s">Phys.Lett.,B420,180</subfield>
  </datafield>
  <datafield tag="999" ind1="C" ind2="5">
    <subfield code="r">hep-ex/9906035</subfield>
    <subfield code="s">Phys.Lett.,B464,123</subfield>
  </datafield>
  <datafield tag="999" ind1="C" ind2="5">
    <subfield code="r">hep-ph/9806404</subfield>
    <subfield code="s">Eur.Phys.J.,C5,461</subfield>
  </datafield>
  <datafield tag="999" ind1="C" ind2="5">
    <subfield code="r">hep-ph/9903282</subfield>
    <subfield code="s">Eur.Phys.J.,C12,375</subfield>
  </datafield>
  <datafield tag="999" ind1="C" ind2="5">
    <subfield code="r">hep-ex/9809001</subfield>
    <subfield code="s">Phys.Rev.Lett.,81,5754</subfield>
  </datafield>
  <datafield tag="999" ind1="C" ind2="5">
    <subfield code="r">hep-ph/9403251</subfield>
    <subfield code="s">Phys.Lett.,B329,505</subfield>
  </datafield>
  <datafield tag="999" ind1="C" ind2="5">
    <subfield code="s">Nucl.Phys.,B149,497</subfield>
  </datafield>
  <datafield tag="999" ind1="C" ind2="5">
    <subfield code="r">hep-ph/9605367</subfield>
    <subfield code="s">Phys.Lett.,B388,179</subfield>
  </datafield>
  <datafield tag="999" ind1="C" ind2="5">
    <subfield code="r">hep-ph/9308322</subfield>
    <subfield code="s">Nucl.Phys.,B425,516</subfield>
  </datafield>
  <datafield tag="999" ind1="C" ind2="5">
    <subfield code="r">nucl-th/9612056</subfield>
    <subfield code="s">Phys.Rev.,C55,900</subfield>
  </datafield>
  <datafield tag="999" ind1="C" ind2="5">
    <subfield code="s">Phys.Lett.,B126,97</subfield>
  </datafield>
  <datafield tag="999" ind1="C" ind2="5">
    <subfield code="s">Phys.Rev.,D5,1732</subfield>
  </datafield>
  <datafield tag="999" ind1="C" ind2="5">
    <subfield code="r">hep-ph/9702367</subfield>
    <subfield code="s">Phys.Rept.,303,183</subfield>
  </datafield>
  <datafield tag="999" ind1="C" ind2="5">
    <subfield code="s">Adv.Nucl.Phys.,24,83</subfield>
  </datafield>
  <datafield tag="999" ind1="C" ind2="5">
    <subfield code="s">Phys.Lett.,B251,453</subfield>
  </datafield>
  <datafield tag="999" ind1="C" ind2="5">
    <subfield code="s">Phys.Rev.,D43,3067</subfield>
  </datafield>
  <datafield tag="999" ind1="C" ind2="5">
    <subfield code="s">Phys.Rev.,D43,59</subfield>
  </datafield>
  <datafield tag="999" ind1="C" ind2="5">
    <subfield code="s">Phys.Rev.,D44,717</subfield>
  </datafield>
  <datafield tag="999" ind1="C" ind2="5">
    <subfield code="s">Mod.Phys.Lett.,A6,271</subfield>
  </datafield>
  <datafield tag="999" ind1="C" ind2="5">
    <subfield code="s">Z.Phys.,A339,383</subfield>
  </datafield>
  <datafield tag="999" ind1="C" ind2="5">
    <subfield code="s">Nucl.Phys.,A570,765</subfield>
  </datafield>
  <datafield tag="999" ind1="C" ind2="5">
    <subfield code="r">hep-ph/9507218</subfield>
    <subfield code="s">Phys.Rev.,D53,2586</subfield>
  </datafield>
  <datafield tag="999" ind1="C" ind2="5">
    <subfield code="r">hep-ph/9806255</subfield>
    <subfield code="s">Phys.Rev.,D59,014033</subfield>
  </datafield>
  <datafield tag="999" ind1="C" ind2="5">
    <subfield code="r">hep-ph/9601388</subfield>
    <subfield code="s">Nucl.Phys.,A596,631</subfield>
  </datafield>
  <datafield tag="999" ind1="C" ind2="5">
    <subfield code="r">hep-ph/9812266</subfield>
    <subfield code="s">Phys.Rev.,D60,014004</subfield>
  </datafield>
  <datafield tag="999" ind1="C" ind2="5">
    <subfield code="r">hep-ph/9903440</subfield>
    <subfield code="s">Phys.Rev.,D61,054006</subfield>
  </datafield>
  <datafield tag="999" ind1="C" ind2="5">
    <subfield code="r">hep-ph/9707500</subfield>
    <subfield code="s">Phys.Rev.,D57,5755</subfield>
  </datafield>
  <datafield tag="999" ind1="C" ind2="5">
    <subfield code="r">hep-ph/9804436</subfield>
    <subfield code="s">Phys.Rev.,D59,034024</subfield>
  </datafield>
  <datafield tag="999" ind1="C" ind2="5">
    <subfield code="r">hep-ph/9606314</subfield>
    <subfield code="s">Nucl.Phys.,B480,341</subfield>
  </datafield>
  <datafield tag="999" ind1="C" ind2="5">
    <subfield code="r">hep-ph/9703420</subfield>
    <subfield code="s">Phys.Rev.,D56,4069</subfield>
  </datafield>
  <datafield tag="999" ind1="C" ind2="5">
    <subfield code="r">hep-ph/9410345</subfield>
    <subfield code="s">Phys.Rev.Lett.,74,2872</subfield>
  </datafield>
  <datafield tag="999" ind1="C" ind2="5">
    <subfield code="r">hep-ph/9510235</subfield>
    <subfield code="s">Phys.Lett.,B366,365</subfield>
  </datafield>
  <datafield tag="999" ind1="C" ind2="5">
    <subfield code="r">hep-ph/9711368</subfield>
    <subfield code="s">Nucl.Phys.,A634,141</subfield>
  </datafield>
  <datafield tag="999" ind1="C" ind2="5">
    <subfield code="r">hep-ph/9702363</subfield>
    <subfield code="s">Phys.Rev.,D55,2624</subfield>
  </datafield>
  <datafield tag="999" ind1="C" ind2="5">
    <subfield code="s">Nucl.Phys.,B234,189</subfield>
  </datafield>
  <datafield tag="999" ind1="C" ind2="5">
    <subfield code="s">J.Phys.,C22,1741</subfield>
  </datafield>
  <datafield tag="999" ind1="C" ind2="5">
    <subfield code="s">Phys.Lett.,B59,85</subfield>
  </datafield>
  <datafield tag="999" ind1="C" ind2="5">
    <subfield code="s">Phys.Rev.Lett.,37,8</subfield>
  </datafield>
  <datafield tag="999" ind1="C" ind2="5">
    <subfield code="s">Phys.Lett.,B224,189</subfield>
  </datafield>
  <datafield tag="999" ind1="C" ind2="5">
    <subfield code="s">Acta Phys.Polon.,B22,1065</subfield>
  </datafield>
  <datafield tag="999" ind1="C" ind2="5">
    <subfield code="r">hep-ph/9610451</subfield>
    <subfield code="s">Rev.Mod.Phys.,70,323</subfield>
  </datafield>
  <datafield tag="999" ind1="C" ind2="5">
    <subfield code="s">Phys.Lett.,B259,335</subfield>
  </datafield>
  <datafield tag="999" ind1="C" ind2="5">
    <subfield code="s">Phys.Lett.,B335,167</subfield>
  </datafield>
  <datafield tag="999" ind1="C" ind2="5">
    <subfield code="s">Phys.Rept.,194,1</subfield>
  </datafield>
  <datafield tag="999" ind1="C" ind2="5">
    <subfield code="s">Phys.Lett.,B274,111</subfield>
  </datafield>
  <datafield tag="999" ind1="C" ind2="5">
    <subfield code="r">hep-ph/9211202</subfield>
    <subfield code="s">Phys.Rev.,D47,51</subfield>
  </datafield>
  <datafield tag="999" ind1="C" ind2="5">
    <subfield code="s">Phys.Lett.,B274,433</subfield>
  </datafield>
  <datafield tag="999" ind1="C" ind2="5">
    <subfield code="s">Phys.Rev.,D47,1842</subfield>
  </datafield>
  <datafield tag="999" ind1="C" ind2="5">
    <subfield code="r">hep-ph/9503221</subfield>
    <subfield code="s">Phys.Lett.,B340,115</subfield>
  </datafield>
  <datafield tag="999" ind1="C" ind2="5">
    <subfield code="s">Int.J.Mod.Phys.,A9,1799</subfield>
  </datafield>
  <datafield tag="999" ind1="C" ind2="5">
    <subfield code="r">nucl-th/9609024</subfield>
    <subfield code="s">Phys.Rev.,C55,441</subfield>
  </datafield>
  <datafield tag="999" ind1="C" ind2="5">
    <subfield code="r">nucl-th/9803017</subfield>
    <subfield code="s">Phys.Rev.,C58,1218</subfield>
  </datafield>
  <datafield tag="999" ind1="C" ind2="5">
    <subfield code="r">hep-ph/9806510</subfield>
    <subfield code="s">Prog.Part.Nucl.Phys.,41,49</subfield>
  </datafield>
  <datafield tag="999" ind1="C" ind2="5">
    <subfield code="r">hep-ph/9806249</subfield>
    <subfield code="s">Phys.Rev.Lett.,81,4075</subfield>
  </datafield>
  <datafield tag="999" ind1="C" ind2="5">
    <subfield code="r">hep-ph/9810220</subfield>
    <subfield code="s">Phys.Rev.,D59,074021</subfield>
  </datafield>
  <datafield tag="999" ind1="C" ind2="5">
    <subfield code="r">hep-ex/9904022</subfield>
    <subfield code="s">Phys.Rev.Lett.,83,2892</subfield>
  </datafield>
  <datafield tag="999" ind1="C" ind2="5">
    <subfield code="s">Phys.Lett.,B191,205</subfield>
  </datafield>
  <datafield tag="999" ind1="C" ind2="5">
    <subfield code="s">Phys.Rev.,D45,958</subfield>
  </datafield>
  <datafield tag="999" ind1="C" ind2="5">
    <subfield code="r">hep-ph/9507465</subfield>
    <subfield code="s">Phys.Lett.,B362,182</subfield>
  </datafield>
  <datafield tag="999" ind1="C" ind2="5">
    <subfield code="r">hep-ph/9604393</subfield>
    <subfield code="s">Phys.Lett.,B381,317</subfield>
  </datafield>
  <datafield tag="999" ind1="C" ind2="5">
    <subfield code="r">hep-ex/9406007</subfield>
    <subfield code="s">Z.Phys.,C65,189</subfield>
  </datafield>
  <datafield tag="999" ind1="C" ind2="5">
    <subfield code="s">Nucl.Phys.,B310,527</subfield>
  </datafield>
  <datafield tag="999" ind1="C" ind2="5">
    <subfield code="s">Phys.Rev.,C48,761</subfield>
  </datafield>
  <datafield tag="999" ind1="C" ind2="5">
    <subfield code="r">nucl-ex/9702004</subfield>
    <subfield code="s">Phys.Rev.Lett.,78,3824</subfield>
  </datafield>
  <datafield tag="999" ind1="C" ind2="5">
    <subfield code="r">nucl-ex/9810012</subfield>
    <subfield code="s">Phys.Rev.Lett.,82,1096</subfield>
  </datafield>
  <datafield tag="999" ind1="C" ind2="5">
    <subfield code="s">Phys.Lett.,B215,141</subfield>
  </datafield>
  <datafield tag="999" ind1="C" ind2="5">
    <subfield code="r">hep-ph/9609498</subfield>
    <subfield code="s">Phys.Lett.,B389,367</subfield>
  </datafield>
  <datafield tag="999" ind1="C" ind2="5">
    <subfield code="r">hep-ph/9809243</subfield>
    <subfield code="s">Nucl.Phys.,A644,93</subfield>
  </datafield>
  <datafield tag="999" ind1="C" ind2="5">
    <subfield code="r">hep-ph/9508243</subfield>
    <subfield code="s">Phys.Lett.,B354,460</subfield>
  </datafield>
  <datafield tag="999" ind1="C" ind2="5">
    <subfield code="s">Phys.Lett.,B306,145</subfield>
  </datafield>
  <datafield tag="999" ind1="C" ind2="5">
    <subfield code="s">Part.World,3,1</subfield>
  </datafield>
  <datafield tag="999" ind1="C" ind2="5">
    <subfield code="r">hep-ph/9905409</subfield>
    <subfield code="s">Ann.Rev.Nucl.Part.Sci.,49,217</subfield>
  </datafield>
  <datafield tag="999" ind1="C" ind2="5">
    <subfield code="r">hep-ph/9909541</subfield>
    <subfield code="s">Eur.Phys.J.,C14,147</subfield>
  </datafield>
  <datafield tag="999" ind1="C" ind2="5">
    <subfield code="r">hep-ph/9805509</subfield>
    <subfield code="s">Phys.Lett.,B443,40</subfield>
  </datafield>
  <datafield tag="999" ind1="C" ind2="5">
    <subfield code="r">hep-ph/9809398</subfield>
    <subfield code="s">Eur.Phys.J.,C10,143</subfield>
  </datafield>
  <datafield tag="999" ind1="C" ind2="5">
    <subfield code="r">hep-ph/9910464</subfield>
    <subfield code="s">Eur.Phys.J.,C18,719</subfield>
  </datafield>
  <datafield tag="999" ind1="C" ind2="5">
    <subfield code="s">Phys.Lett.,B314,132</subfield>
  </datafield>
  <datafield tag="999" ind1="C" ind2="5">
    <subfield code="r">hep-ph/9805309</subfield>
    <subfield code="s">Eur.Phys.J.,C7,501</subfield>
  </datafield>
</record>