<record>
  <datafield tag="035" ind1=" " ind2=" ">
    <subfield code="a">oai:arXiv.org:0809.0281</subfield>
    <subfield code="z">oai:arXiv.org:0809.0281</subfield>
    <subfield code="9">arXiv</subfield>
  </datafield>
  <datafield tag="035" ind1=" " ind2=" ">
    <subfield code="z">D08-11522</subfield>
    <subfield code="9">DESY</subfield>
  </datafield>
  <datafield tag="035" ind1=" " ind2=" ">
    <subfield code="z">Grigoryan:2008ut</subfield>
    <subfield code="9">SPIRESTeX</subfield>
  </datafield>
  <datafield tag="100" ind1=" " ind2=" ">
    <subfield code="a">Grigoryan, L.</subfield>
    <subfield code="u">Yerevan Phys. Inst.</subfield>
  </datafield>
  <datafield tag="650" ind1="1" ind2="7">
    <subfield code="a">Phenomenology-HEP</subfield>
    <subfield code="2">INSPIRE</subfield>
  </datafield>
  <datafield tag="999" ind1="C" ind2="5">
    <subfield code="s">Phys.Rev.,D15,2590</subfield>
  </datafield>
  <datafield tag="999" ind1="C" ind2="5">
    <subfield code="s">Nucl.Phys.,B136,1</subfield>
  </datafield>
  <datafield tag="999" ind1="C" ind2="5">
    <subfield code="s">Nucl.Phys.,B135,273</subfield>
  </datafield>
  <datafield tag="999" ind1="C" ind2="5">
    <subfield code="s">Phys.Rept.,97,31</subfield>
  </datafield>
  <datafield tag="999" ind1="C" ind2="5">
    <subfield code="r">hep-ph/9710505</subfield>
    <subfield code="s">Phys.Lett.,B427,356</subfield>
  </datafield>
  <datafield tag="999" ind1="C" ind2="5">
    <subfield code="s">Phys.Lett.,B462,341</subfield>
  </datafield>
  <datafield tag="999" ind1="C" ind2="5">
    <subfield code="s">Nucl.Phys.,B65,319</subfield>
  </datafield>
  <datafield tag="999" ind1="C" ind2="5">
    <subfield code="r">hep-ph/0308108</subfield>
    <subfield code="s">Eur.Phys.J.,C30,207</subfield>
  </datafield>
  <datafield tag="999" ind1="C" ind2="5">
    <subfield code="r">hep-ph/0402245</subfield>
    <subfield code="s">Phys.Rev.,D70,014007</subfield>
  </datafield>
  <datafield tag="999" ind1="C" ind2="5">
    <subfield code="r">hep-ph/0411174</subfield>
    <subfield code="s">Phys.Rev.,D72,034007</subfield>
  </datafield>
  <datafield tag="999" ind1="C" ind2="5">
    <subfield code="s">Z.Phys.,C67,433</subfield>
  </datafield>
  <datafield tag="999" ind1="C" ind2="5">
    <subfield code="r">hep-ph/9512406</subfield>
    <subfield code="s">Phys.Rev.,D53,6100</subfield>
  </datafield>
  <datafield tag="520" ind1=" " ind2=" ">
    <subfield code="a">Very successful hadronization model for the production of mesons in the jets of initial quarks was proposed thirty years ago by Field and Feynman. The model is used so far in the design of experiments and for comparison with the experimental data. In this work it is shown that correlation function in that model, as a function of the energies of two final hadrons has interesting properties (energies are taken in fractions of initial quark energy, and equal $z_{1}$ and $z_{2}$, respectively). In particular, for some pairs of mesons there are kinematic regions over variable $z_{2}$ (at fixed values of $z_{1}$), where it is positive and unexpectedly large. The experimental investigation of the correlation functions in these kinematic regions has twofold interest, from one side it can help to investigate some delicate properties of quark jets and from the other side can help to verify the physical suppositions of model, and to obtain more precise values of parameters.</subfield>
    <subfield code="9">arXiv</subfield>
  </datafield>
  <datafield tag="037" ind1=" " ind2=" ">
    <subfield code="a">arXiv:0809.0281</subfield>
    <subfield code="9">arXiv</subfield>
    <subfield code="c">hep-ph</subfield>
  </datafield>
  <datafield tag="245" ind1=" " ind2=" ">
    <subfield code="a">Correlation function in Field: Feynman hadronization model</subfield>
  </datafield>
  <datafield tag="300" ind1=" " ind2=" ">
    <subfield code="a">7</subfield>
  </datafield>
  <datafield tag="695" ind1=" " ind2=" ">
    <subfield code="a">hadronization: model</subfield>
    <subfield code="2">INSPIRE</subfield>
  </datafield>
  <datafield tag="695" ind1=" " ind2=" ">
    <subfield code="a">quark: jet</subfield>
    <subfield code="2">INSPIRE</subfield>
  </datafield>
  <datafield tag="695" ind1=" " ind2=" ">
    <subfield code="a">meson: production</subfield>
    <subfield code="2">INSPIRE</subfield>
  </datafield>
  <datafield tag="695" ind1=" " ind2=" ">
    <subfield code="a">parton: distribution function</subfield>
    <subfield code="2">INSPIRE</subfield>
  </datafield>
  <datafield tag="695" ind1=" " ind2=" ">
    <subfield code="a">hadron: correlation function</subfield>
    <subfield code="2">INSPIRE</subfield>
  </datafield>
  <datafield tag="695" ind1=" " ind2=" ">
    <subfield code="a">Feynman</subfield>
    <subfield code="2">INSPIRE</subfield>
  </datafield>
  <datafield tag="695" ind1=" " ind2=" ">
    <subfield code="a">electron p: deep inelastic scattering</subfield>
    <subfield code="2">INSPIRE</subfield>
  </datafield>
  <datafield tag="695" ind1=" " ind2=" ">
    <subfield code="a">electron p: inclusive reaction</subfield>
    <subfield code="2">INSPIRE</subfield>
  </datafield>
  <datafield tag="695" ind1=" " ind2=" ">
    <subfield code="a">hadron: pair production</subfield>
    <subfield code="2">INSPIRE</subfield>
  </datafield>
  <datafield tag="695" ind1=" " ind2=" ">
    <subfield code="a">pi: pair production</subfield>
    <subfield code="2">INSPIRE</subfield>
  </datafield>
  <datafield tag="695" ind1=" " ind2=" ">
    <subfield code="a">K: pair production</subfield>
    <subfield code="2">INSPIRE</subfield>
  </datafield>
  <datafield tag="695" ind1=" " ind2=" ">
    <subfield code="a">fragmentation function</subfield>
    <subfield code="2">INSPIRE</subfield>
  </datafield>
  <datafield tag="695" ind1=" " ind2=" ">
    <subfield code="a">numerical calculations</subfield>
    <subfield code="2">INSPIRE</subfield>
  </datafield>
  <datafield tag="856" ind1="4" ind2=" ">
    <subfield code="u">http://inspirehep.net/record/794171/files/h_corr01.png</subfield>
    <subfield code="y">00000 \it Correlation functions $R_{cor}$ for pairs of hadrons of the same type ($\pi \pi$ and $K K$), with identical and opposite electric charges as a function of $z_2$ are presented. Calculations were performed for a fixed values of $z_1$ equal to $0.3$ (circles) and $0.5$ (triangles). At each fixed value of $z_1$ two curves with fixed values of $x_{Bj}$ equal to $0.1$ (filled symbols) and $0.5$ (open symbols) are presented. The correlation functions were calculated in basic version of the FFQJM, taking into account hadrons produced both directly and from resonance decays. Only pairs of hadrons with different electric charges have positive correlation function.</subfield>
  </datafield>
  <datafield tag="856" ind1="4" ind2=" ">
    <subfield code="u">http://inspirehep.net/record/794171/files/h_corr02.png</subfield>
    <subfield code="y">00001 \it The same as in Fig.1 for the pairs of hadrons of different types, having identical and opposite electric charges. Correlation functions are negative practically everywhere.</subfield>
  </datafield>
  <datafield tag="856" ind1="4" ind2=" ">
    <subfield code="u">http://inspirehep.net/record/794171/files/h_corr03.png</subfield>
    <subfield code="y">00002 \it The same as in Fig.1 for correlation functions calculated in the simple version of the FFQJM, taking into account only hadrons produced directly. Easily to see, that in comparison with basic version, absolute values of $R_{cor}$ are here bigger.</subfield>
  </datafield>
  <datafield tag="856" ind1="4" ind2=" ">
    <subfield code="u">http://inspirehep.net/record/794171/files/h_corr04.png</subfield>
    <subfield code="y">00003 \it Correlation functions $R_{cor}$ for $\pi \pi$ pairs with opposite electric charges as a functions of $z_2$ are presented. Calculations were performed for a fixed values of $z_1$ equal to $0.1$, $0.3$ and $0.5$. The correlation functions were calculated in basic version of the FFQJM, taking into account hadrons produced both directly and from resonance decays. It is presented the contributions of the different mechanisms in correlation functions. The contribution of not adjacent hadrons only (filled triangles); the contribution of not adjacent and adjacent hadrons (open circles); the contribution of not adjacent and adjacent hadrons and hadrons produced from the same resonance (filled circles).</subfield>
  </datafield>
  <datafield tag="856" ind1="4" ind2=" ">
    <subfield code="u">http://inspirehep.net/record/794171/files/h_corr05.png</subfield>
    <subfield code="y">00004 \it The same as in Fig.4 for $K K$ pairs. (Attention: other scale!)</subfield>
  </datafield>
  <datafield tag="246" ind1=" " ind2=" ">
    <subfield code="a">Correlation function in Field - Feynman hadronization model</subfield>
    <subfield code="9">arXiv</subfield>
  </datafield>
  <datafield tag="595" ind1=" " ind2=" ">
    <subfield code="a">PPF.CHECKS done 15:53:12 10/06/08 by LI.KOR</subfield>
    <subfield code="9">SPIRES-HIDDEN</subfield>
  </datafield>
  <datafield tag="269" ind1=" " ind2=" ">
    <subfield code="c">2008-09</subfield>
  </datafield>
  <datafield tag="961" ind1=" " ind2=" ">
    <subfield code="x">2008-09-01</subfield>
  </datafield>
  <datafield tag="961" ind1=" " ind2=" ">
    <subfield code="c">2009-11-26</subfield>
  </datafield>
  <datafield tag="970" ind1=" " ind2=" ">
    <subfield code="a">SPIRES-7884184</subfield>
  </datafield>
  <datafield tag="980" ind1=" " ind2=" ">
    <subfield code="a">arXiv</subfield>
  </datafield>
  <datafield tag="980" ind1=" " ind2=" ">
    <subfield code="a">Citeable</subfield>
  </datafield>
  <datafield tag="980" ind1=" " ind2=" ">
    <subfield code="a">CORE</subfield>
  </datafield>
</record>