<record>
  <controlfield tag="005">20121024011738.0</controlfield>
  <datafield tag="595" ind1=" " ind2=" ">
    <subfield code="9">SPIRES-HIDDEN</subfield>
    <subfield code="a">Article 1 of issue</subfield>
  </datafield>
  <datafield tag="210" ind1=" " ind2=" ">
    <subfield code="a">neutrino</subfield>
  </datafield>
  <datafield tag="980" ind1=" " ind2=" ">
    <subfield code="a">Published</subfield>
  </datafield>
  <datafield tag="980" ind1=" " ind2=" ">
    <subfield code="a">Citeable</subfield>
  </datafield>
  <datafield tag="980" ind1=" " ind2=" ">
    <subfield code="a">CORE</subfield>
  </datafield>
  <datafield tag="700" ind1=" " ind2=" ">
    <subfield code="a">Carman, T.S.</subfield>
    <subfield code="u">Purdue U.</subfield>
  </datafield>
  <datafield tag="700" ind1=" " ind2=" ">
    <subfield code="a">Carmony, D.D.</subfield>
    <subfield code="u">Purdue U.</subfield>
  </datafield>
  <datafield tag="700" ind1=" " ind2=" ">
    <subfield code="a">Fernandez, E.</subfield>
    <subfield code="u">Purdue U.</subfield>
  </datafield>
  <datafield tag="700" ind1=" " ind2=" ">
    <subfield code="a">Garfinkel, A.F.</subfield>
    <subfield code="u">Purdue U.</subfield>
  </datafield>
  <datafield tag="700" ind1=" " ind2=" ">
    <subfield code="a">Laasanen, A.T.</subfield>
    <subfield code="u">Purdue U.</subfield>
  </datafield>
  <datafield tag="700" ind1=" " ind2=" ">
    <subfield code="a">Derrick, M.</subfield>
    <subfield code="u">Argonne</subfield>
  </datafield>
  <datafield tag="700" ind1=" " ind2=" ">
    <subfield code="a">Gregory, P.</subfield>
    <subfield code="u">Argonne</subfield>
  </datafield>
  <datafield tag="700" ind1=" " ind2=" ">
    <subfield code="a">LoPinto, F.</subfield>
    <subfield code="u">Argonne</subfield>
  </datafield>
  <datafield tag="700" ind1=" " ind2=" ">
    <subfield code="a">Musgrave, B.</subfield>
    <subfield code="u">Argonne</subfield>
  </datafield>
  <datafield tag="700" ind1=" " ind2=" ">
    <subfield code="a">Schlereth, J.</subfield>
    <subfield code="u">Argonne</subfield>
  </datafield>
  <datafield tag="700" ind1=" " ind2=" ">
    <subfield code="a">Schreiner, P.</subfield>
    <subfield code="u">Argonne</subfield>
  </datafield>
  <datafield tag="700" ind1=" " ind2=" ">
    <subfield code="a">Singer, R.</subfield>
    <subfield code="u">Argonne</subfield>
  </datafield>
  <datafield tag="700" ind1=" " ind2=" ">
    <subfield code="a">Barish, S.J.</subfield>
    <subfield code="u">Carnegie Mellon U.</subfield>
  </datafield>
  <datafield tag="700" ind1=" " ind2=" ">
    <subfield code="a">Brock, R.</subfield>
    <subfield code="u">Carnegie Mellon U.</subfield>
  </datafield>
  <datafield tag="700" ind1=" " ind2=" ">
    <subfield code="a">Engler, A.</subfield>
    <subfield code="u">Carnegie Mellon U.</subfield>
  </datafield>
  <datafield tag="700" ind1=" " ind2=" ">
    <subfield code="a">Kikuchi, T.</subfield>
    <subfield code="u">Carnegie Mellon U.</subfield>
  </datafield>
  <datafield tag="700" ind1=" " ind2=" ">
    <subfield code="a">Kraemer, R.W.</subfield>
    <subfield code="u">Carnegie Mellon U.</subfield>
  </datafield>
  <datafield tag="700" ind1=" " ind2=" ">
    <subfield code="a">Messing, F.</subfield>
    <subfield code="u">Carnegie Mellon U.</subfield>
  </datafield>
  <datafield tag="700" ind1=" " ind2=" ">
    <subfield code="a">Stacey, B.J.</subfield>
    <subfield code="u">Carnegie Mellon U.</subfield>
  </datafield>
  <datafield tag="700" ind1=" " ind2=" ">
    <subfield code="a">Tabak, M.</subfield>
    <subfield code="u">Carnegie Mellon U.</subfield>
  </datafield>
  <datafield tag="269" ind1=" " ind2=" ">
    <subfield code="c">1981-06</subfield>
  </datafield>
  <datafield tag="035" ind1=" " ind2=" ">
    <subfield code="9">DESY</subfield>
    <subfield code="z">D81-08302</subfield>
  </datafield>
  <datafield tag="035" ind1=" " ind2=" ">
    <subfield code="9">DESY</subfield>
    <subfield code="z">D82-02381</subfield>
  </datafield>
  <datafield tag="035" ind1=" " ind2=" ">
    <subfield code="9">SPIRESTeX</subfield>
    <subfield code="z">Barnes:1981kc</subfield>
  </datafield>
  <datafield tag="035" ind1=" " ind2=" ">
    <subfield code="9">KEKSCAN</subfield>
    <subfield code="a">81-08-001</subfield>
  </datafield>
  <datafield tag="693" ind1=" " ind2=" ">
    <subfield code="e">FNAL-E-0031</subfield>
  </datafield>
  <datafield tag="690" ind1="C" ind2=" ">
    <subfield code="2">INSPIRE</subfield>
    <subfield code="a">Published</subfield>
  </datafield>
  <datafield tag="970" ind1=" " ind2=" ">
    <subfield code="a">SPIRES-820350</subfield>
  </datafield>
  <datafield tag="037" ind1=" " ind2=" ">
    <subfield code="a">ANL-HEP-PR-81-04</subfield>
  </datafield>
  <datafield tag="037" ind1=" " ind2=" ">
    <subfield code="a">COO-1428-480</subfield>
  </datafield>
  <datafield tag="650" ind1="1" ind2="7">
    <subfield code="2">INSPIRE</subfield>
    <subfield code="a">Experiment-HEP</subfield>
  </datafield>
  <datafield tag="773" ind1=" " ind2=" ">
    <subfield code="c">1-21</subfield>
    <subfield code="p">Phys.Rev.</subfield>
    <subfield code="v">D25</subfield>
    <subfield code="y">1982</subfield>
  </datafield>
  <datafield tag="300" ind1=" " ind2=" ">
    <subfield code="a">74</subfield>
  </datafield>
  <datafield tag="520" ind1=" " ind2=" ">
    <subfield code="9">HEPDATA</subfield>
    <subfield code="h">PLAB=5 TO 150 GEV/C. USING 15-FOOT BUBBLE CHAMBER AT FERMILAB ANU P--&amp;gt; MU+ ANYTHING IS STUDIED . BY MEASURING THE X-DEPENDENCE OF THE Y-DISTRIBUTIONS,THE STRUCTURE FUNCTIONS F2 AND XF3 OF THE PROTON ARE OBTAINED (APART FROM NORMALISAION). THE RANGE OF Q2 IS SMALL AND VARIES FROM 2 AT LOW X TO 8 AT HIGH X.</subfield>
  </datafield>
  <datafield tag="999" ind1="C" ind2="5">
    <subfield code="s">Phys.Rev.,D5,528</subfield>
  </datafield>
  <datafield tag="999" ind1="C" ind2="5">
    <subfield code="s">Phys.Lett.,B46,274</subfield>
  </datafield>
  <datafield tag="999" ind1="C" ind2="5">
    <subfield code="s">Phys.Rev.,197,1547</subfield>
  </datafield>
  <datafield tag="999" ind1="C" ind2="5">
    <subfield code="s">Phys.Lett.,B66,291</subfield>
  </datafield>
  <datafield tag="999" ind1="C" ind2="5">
    <subfield code="s">Phys.Rev.Lett.,22,156</subfield>
  </datafield>
  <datafield tag="999" ind1="C" ind2="5">
    <subfield code="s">Phys.Rev.Lett.,43,1975</subfield>
  </datafield>
  <datafield tag="999" ind1="C" ind2="5">
    <subfield code="s">Nucl.Phys.,B85,269</subfield>
  </datafield>
  <datafield tag="999" ind1="C" ind2="5">
    <subfield code="s">Nucl.Phys.,B142,1</subfield>
  </datafield>
  <datafield tag="999" ind1="C" ind2="5">
    <subfield code="s">Z.Phys.,C1,143</subfield>
  </datafield>
  <datafield tag="999" ind1="C" ind2="5">
    <subfield code="s">Phys.Rev.Lett.,42,1317</subfield>
  </datafield>
  <datafield tag="999" ind1="C" ind2="5">
    <subfield code="s">Phys.Rev.,D10,3876</subfield>
  </datafield>
  <datafield tag="999" ind1="C" ind2="5">
    <subfield code="s">Phys.Rev.,D18,7</subfield>
  </datafield>
  <datafield tag="999" ind1="C" ind2="5">
    <subfield code="s">Phys.Rev.,D18,2205</subfield>
  </datafield>
  <datafield tag="999" ind1="C" ind2="5">
    <subfield code="s">Nucl.Phys.,B154,394</subfield>
  </datafield>
  <datafield tag="999" ind1="C" ind2="5">
    <subfield code="s">Phys.Rev.,D15,2590</subfield>
  </datafield>
  <datafield tag="999" ind1="C" ind2="5">
    <subfield code="s">Nucl.Phys.,B132,249</subfield>
  </datafield>
  <datafield tag="999" ind1="C" ind2="5">
    <subfield code="s">Nucl.Phys.,B163,333</subfield>
  </datafield>
  <datafield tag="999" ind1="C" ind2="5">
    <subfield code="s">Phys.Rev.Lett.,44,1027</subfield>
  </datafield>
  <datafield tag="999" ind1="C" ind2="5">
    <subfield code="s">Phys.Rev.Lett.,45,783</subfield>
  </datafield>
  <datafield tag="999" ind1="C" ind2="5">
    <subfield code="s">Phys.Rev.Lett.,41,615</subfield>
  </datafield>
  <datafield tag="999" ind1="C" ind2="5">
    <subfield code="s">Nucl.Instrum.Meth.,138,245</subfield>
  </datafield>
  <datafield tag="999" ind1="C" ind2="5">
    <subfield code="s">Phys.Rev.,D19,1</subfield>
  </datafield>
  <datafield tag="999" ind1="C" ind2="5">
    <subfield code="s">Nucl.Instrum.Meth.,127,355</subfield>
  </datafield>
  <datafield tag="999" ind1="C" ind2="5">
    <subfield code="s">Phys.Rev.,D8,2129</subfield>
  </datafield>
  <datafield tag="999" ind1="C" ind2="5">
    <subfield code="s">Phys.Rev.,D20,2198</subfield>
  </datafield>
  <datafield tag="856" ind1="4" ind2=" ">
    <subfield code="u">http://www.adsabs.harvard.edu/abs/1982PhRvD..25....1B</subfield>
    <subfield code="w">1982PhRvD..25....1B</subfield>
    <subfield code="y">ADSABS</subfield>
  </datafield>
  <datafield tag="856" ind1="4" ind2=" ">
    <subfield code="u">http://dx.doi.org/10.1103/PhysRevD.25.1</subfield>
    <subfield code="w">10.1103/PhysRevD.25.1</subfield>
    <subfield code="y">DOI</subfield>
  </datafield>
  <datafield tag="856" ind1="4" ind2=" ">
    <subfield code="u">http://link.aps.org/abstract/PRD/V25/P1</subfield>
    <subfield code="w">V25/P1</subfield>
    <subfield code="y">PHRVA-D</subfield>
  </datafield>
  <datafield tag="856" ind1="4" ind2=" ">
    <subfield code="u">http://durpdg.dur.ac.uk/cgi-hepdata/hepreac/820350</subfield>
    <subfield code="w">820350</subfield>
    <subfield code="y">DURHAM</subfield>
  </datafield>
  <datafield tag="245" ind1=" " ind2=" ">
    <subfield code="a">MEASUREMENT OF QUARK MOMENTUM DISTRIBUTIONS IN THE PROTON USING AN ANTI-NEUTRINO PROBE</subfield>
  </datafield>
  <datafield tag="024" ind1="7" ind2=" ">
    <subfield code="2">DOI</subfield>
    <subfield code="a">10.1103/PhysRevD.25.1</subfield>
  </datafield>
  <datafield tag="100" ind1=" " ind2=" ">
    <subfield code="a">Barnes, V.E.</subfield>
    <subfield code="u">Purdue U.</subfield>
  </datafield>
  <datafield tag="961" ind1=" " ind2=" ">
    <subfield code="x">1981-06</subfield>
  </datafield>
  <datafield tag="961" ind1=" " ind2=" ">
    <subfield code="c">2011-09-08</subfield>
  </datafield>
  <datafield tag="695" ind1=" " ind2=" ">
    <subfield code="2">INSPIRE</subfield>
    <subfield code="a">ANTINEUTRINO P: INCLUSIVE REACTION</subfield>
  </datafield>
  <datafield tag="695" ind1=" " ind2=" ">
    <subfield code="2">INSPIRE</subfield>
    <subfield code="a">CHARGED CURRENT</subfield>
  </datafield>
  <datafield tag="695" ind1=" " ind2=" ">
    <subfield code="2">INSPIRE</subfield>
    <subfield code="a">P: STRUCTURE FUNCTION</subfield>
  </datafield>
  <datafield tag="695" ind1=" " ind2=" ">
    <subfield code="2">INSPIRE</subfield>
    <subfield code="a">STRUCTURE FUNCTION: X-DEPENDENCE</subfield>
  </datafield>
  <datafield tag="695" ind1=" " ind2=" ">
    <subfield code="2">INSPIRE</subfield>
    <subfield code="a">QUARK: MOMENTUM SPECTRUM</subfield>
  </datafield>
  <datafield tag="695" ind1=" " ind2=" ">
    <subfield code="2">INSPIRE</subfield>
    <subfield code="a">MODEL: QUARK PARTON</subfield>
  </datafield>
  <datafield tag="695" ind1=" " ind2=" ">
    <subfield code="2">INSPIRE</subfield>
    <subfield code="a">QUARK: SEA</subfield>
  </datafield>
  <datafield tag="695" ind1=" " ind2=" ">
    <subfield code="2">INSPIRE</subfield>
    <subfield code="a">SUM RULE: CALLAN-GROSS</subfield>
  </datafield>
  <datafield tag="695" ind1=" " ind2=" ">
    <subfield code="2">INSPIRE</subfield>
    <subfield code="a">DIFFERENTIAL CROSS SECTION: X-DEPENDENCE</subfield>
  </datafield>
  <datafield tag="695" ind1=" " ind2=" ">
    <subfield code="2">INSPIRE</subfield>
    <subfield code="a">X-DEPENDENCE: DIFFERENTIAL CROSS SECTION</subfield>
  </datafield>
  <datafield tag="695" ind1=" " ind2=" ">
    <subfield code="2">INSPIRE</subfield>
    <subfield code="a">DIFFERENTIAL CROSS SECTION: Y-DEPENDENCE</subfield>
  </datafield>
  <datafield tag="695" ind1=" " ind2=" ">
    <subfield code="2">INSPIRE</subfield>
    <subfield code="a">Y-DEPENDENCE: DIFFERENTIAL CROSS SECTION</subfield>
  </datafield>
  <datafield tag="695" ind1=" " ind2=" ">
    <subfield code="2">INSPIRE</subfield>
    <subfield code="a">SCALING: VIOLATION</subfield>
  </datafield>
  <datafield tag="695" ind1=" " ind2=" ">
    <subfield code="2">INSPIRE</subfield>
    <subfield code="a">NUMERICAL CALCULATIONS: MONTE CARLO</subfield>
  </datafield>
  <datafield tag="695" ind1=" " ind2=" ">
    <subfield code="2">INSPIRE</subfield>
    <subfield code="a">BUBBLE CHAMBER(HYDROGEN): EXPERIMENTAL RESULTS</subfield>
  </datafield>
  <datafield tag="695" ind1=" " ind2=" ">
    <subfield code="2">INSPIRE</subfield>
    <subfield code="a">BATAVIA PS</subfield>
  </datafield>
  <datafield tag="695" ind1=" " ind2=" ">
    <subfield code="2">INSPIRE</subfield>
    <subfield code="a">ANTINEUTRINO P --> MUON+ ANYTHING</subfield>
  </datafield>
  <datafield tag="695" ind1=" " ind2=" ">
    <subfield code="2">INSPIRE</subfield>
    <subfield code="a">5-150 GEV</subfield>
  </datafield>
  <datafield tag="695" ind1=" " ind2=" ">
    <subfield code="2">INSPIRE</subfield>
    <subfield code="a">ANTINEUTRINO P --> MUON+ ANYTHING</subfield>
  </datafield>
  <datafield tag="695" ind1=" " ind2=" ">
    <subfield code="2">INSPIRE</subfield>
    <subfield code="a">5-150 GEV</subfield>
  </datafield>
</record>