<record>
  <controlfield tag="005">20120714031126.0</controlfield>
  <datafield tag="024" ind1="7" ind2=" ">
    <subfield code="2">DOI</subfield>
    <subfield code="a">10.1016/0550-3213(78)90285-7</subfield>
  </datafield>
  <datafield tag="100" ind1=" " ind2=" ">
    <subfield code="a">Odorico, R.</subfield>
    <subfield code="u">CERN</subfield>
    <subfield code="u">INFN, Trieste</subfield>
  </datafield>
  <datafield tag="700" ind1=" " ind2=" ">
    <subfield code="a">Roberto, V.</subfield>
    <subfield code="u">Trieste U.</subfield>
  </datafield>
  <datafield tag="773" ind1=" " ind2=" ">
    <subfield code="p">Nucl.Phys.</subfield>
    <subfield code="v">B136</subfield>
    <subfield code="c">333</subfield>
    <subfield code="y">1978</subfield>
  </datafield>
  <datafield tag="690" ind1="C" ind2=" ">
    <subfield code="a">Published</subfield>
    <subfield code="2">INSPIRE</subfield>
  </datafield>
  <datafield tag="856" ind1="4" ind2=" ">
    <subfield code="w">0043329</subfield>
    <subfield code="y">CERNKEY</subfield>
    <subfield code="u">http://alice.cern.ch/format/showfull?sysnb=0043329</subfield>
  </datafield>
  <datafield tag="856" ind1="4" ind2=" ">
    <subfield code="w">05503213%23136%23333%23&amp;_version=1&amp;md5=cb963764a0bc497b3d1ff43308bc8fc6</subfield>
    <subfield code="y">SCIDIR</subfield>
    <subfield code="u">http://www.sciencedirect.com/science?_ob=GatewayURL&amp;_origin=SPIRES&amp;_method=citationSearch&amp;_volkey=05503213%23136%23333%23&amp;_version=1&amp;md5=cb963764a0bc497b3d1ff43308bc8fc6</subfield>
  </datafield>
  <datafield tag="037" ind1=" " ind2=" ">
    <subfield code="a">CERN-TH-2431</subfield>
  </datafield>
  <datafield tag="245" ind1=" " ind2=" ">
    <subfield code="a">Fragmentation Function for Charmed Quarks from Neutrino Data</subfield>
  </datafield>
  <datafield tag="300" ind1=" " ind2=" ">
    <subfield code="a">20</subfield>
  </datafield>
  <datafield tag="695" ind1=" " ind2=" ">
    <subfield code="a">MULTIPLE PRODUCTION: FRAGMENTATION</subfield>
    <subfield code="2">INSPIRE</subfield>
  </datafield>
  <datafield tag="695" ind1=" " ind2=" ">
    <subfield code="a">QUARK: CHARM</subfield>
    <subfield code="2">INSPIRE</subfield>
  </datafield>
  <datafield tag="695" ind1=" " ind2=" ">
    <subfield code="a">NEUTRINO: INTERACTION</subfield>
    <subfield code="2">INSPIRE</subfield>
  </datafield>
  <datafield tag="695" ind1=" " ind2=" ">
    <subfield code="a">INTERACTION: NEUTRINO</subfield>
    <subfield code="2">INSPIRE</subfield>
  </datafield>
  <datafield tag="695" ind1=" " ind2=" ">
    <subfield code="a">FINAL STATE: (MUON+ MUON-)</subfield>
    <subfield code="2">INSPIRE</subfield>
  </datafield>
  <datafield tag="695" ind1=" " ind2=" ">
    <subfield code="a">FINAL STATE: (MUON- POSITRON)</subfield>
    <subfield code="2">INSPIRE</subfield>
  </datafield>
  <datafield tag="695" ind1=" " ind2=" ">
    <subfield code="a">QUARK: FRAGMENTATION</subfield>
    <subfield code="2">INSPIRE</subfield>
  </datafield>
  <datafield tag="695" ind1=" " ind2=" ">
    <subfield code="a">BREMSSTRAHLUNG</subfield>
    <subfield code="2">INSPIRE</subfield>
  </datafield>
  <datafield tag="695" ind1=" " ind2=" ">
    <subfield code="a">MODEL: QUARK PARTON</subfield>
    <subfield code="2">INSPIRE</subfield>
  </datafield>
  <datafield tag="695" ind1=" " ind2=" ">
    <subfield code="a">INTERPRETATION OF EXPERIMENTS</subfield>
    <subfield code="2">INSPIRE</subfield>
  </datafield>
  <datafield tag="035" ind1=" " ind2=" ">
    <subfield code="z">D78-06358</subfield>
    <subfield code="9">DESY</subfield>
  </datafield>
  <datafield tag="035" ind1=" " ind2=" ">
    <subfield code="z">0043329</subfield>
    <subfield code="9">CERNKEY</subfield>
  </datafield>
  <datafield tag="595" ind1=" " ind2=" ">
    <subfield code="a">cernkey</subfield>
    <subfield code="9">SPIRES-HIDDEN</subfield>
  </datafield>
  <datafield tag="595" ind1=" " ind2=" ">
    <subfield code="a">DOI from CrossRef</subfield>
    <subfield code="9">SPIRES-HIDDEN</subfield>
  </datafield>
  <datafield tag="595" ind1=" " ind2=" ">
    <subfield code="a">Title changed from ALLCAPS</subfield>
    <subfield code="9">SPIRES-HIDDEN</subfield>
  </datafield>
  <datafield tag="035" ind1=" " ind2=" ">
    <subfield code="z">Odorico:1977jj</subfield>
    <subfield code="9">SPIRESTeX</subfield>
  </datafield>
  <datafield tag="035" ind1=" " ind2=" ">
    <subfield code="9">KEKSCAN</subfield>
    <subfield code="a">1978-01-016</subfield>
  </datafield>
  <datafield tag="269" ind1=" " ind2=" ">
    <subfield code="c">1977-11</subfield>
  </datafield>
  <datafield tag="961" ind1=" " ind2=" ">
    <subfield code="x">1977-11</subfield>
  </datafield>
  <datafield tag="961" ind1=" " ind2=" ">
    <subfield code="c">2007-12-10</subfield>
  </datafield>
  <datafield tag="970" ind1=" " ind2=" ">
    <subfield code="a">SPIRES-261467</subfield>
  </datafield>
  <datafield tag="980" ind1=" " ind2=" ">
    <subfield code="a">Published</subfield>
  </datafield>
  <datafield tag="980" ind1=" " ind2=" ">
    <subfield code="a">Citeable</subfield>
  </datafield>
  <datafield tag="980" ind1=" " ind2=" ">
    <subfield code="a">CORE</subfield>
  </datafield>
  <datafield tag="999" ind1="C" ind2="5">
    <subfield code="s">Phys.Lett.,B71,139</subfield>
  </datafield>
  <datafield tag="999" ind1="C" ind2="5">
    <subfield code="s">Nucl.Phys.,B123,47</subfield>
  </datafield>
  <datafield tag="999" ind1="C" ind2="5">
    <subfield code="s">Phys.Lett.,B70,260</subfield>
  </datafield>
  <datafield tag="999" ind1="C" ind2="5">
    <subfield code="s">Phys.Lett.,B69,377</subfield>
  </datafield>
  <datafield tag="999" ind1="C" ind2="5">
    <subfield code="s">Phys.Lett.,B71,121</subfield>
  </datafield>
  <datafield tag="999" ind1="C" ind2="5">
    <subfield code="s">Phys.Rev.Lett.,39,62</subfield>
  </datafield>
  <datafield tag="999" ind1="C" ind2="5">
    <subfield code="s">Phys.Rev.Lett.,34,419</subfield>
  </datafield>
  <datafield tag="999" ind1="C" ind2="5">
    <subfield code="s">Phys.Rev.Lett.,35,1199</subfield>
  </datafield>
  <datafield tag="999" ind1="C" ind2="5">
    <subfield code="s">Phys.Rev.Lett.,35,1203</subfield>
  </datafield>
  <datafield tag="999" ind1="C" ind2="5">
    <subfield code="s">Bull.Am.Phys.Soc.,22,575</subfield>
  </datafield>
  <datafield tag="999" ind1="C" ind2="5">
    <subfield code="s">Phys.Rev.Lett.,36,939</subfield>
  </datafield>
  <datafield tag="999" ind1="C" ind2="5">
    <subfield code="s">Phys.Rev.Lett.,39,981</subfield>
  </datafield>
  <datafield tag="999" ind1="C" ind2="5">
    <subfield code="s">Phys.Lett.,B60,207</subfield>
  </datafield>
  <datafield tag="999" ind1="C" ind2="5">
    <subfield code="s">Phys.Rev.Lett.,36,710</subfield>
  </datafield>
  <datafield tag="999" ind1="C" ind2="5">
    <subfield code="s">Phys.Rev.Lett.,38,1248</subfield>
  </datafield>
  <datafield tag="999" ind1="C" ind2="5">
    <subfield code="s">Phys.Lett.,B70,243</subfield>
  </datafield>
  <datafield tag="999" ind1="C" ind2="5">
    <subfield code="s">Phys.Rev.,D14,80</subfield>
  </datafield>
  <datafield tag="999" ind1="C" ind2="5">
    <subfield code="s">Phys.Rev.,D16,746</subfield>
  </datafield>
  <datafield tag="999" ind1="C" ind2="5">
    <subfield code="s">Nucl.Phys.,B108,483</subfield>
  </datafield>
  <datafield tag="999" ind1="C" ind2="5">
    <subfield code="s">Phys.Rev.Lett.,36,1163</subfield>
  </datafield>
  <datafield tag="999" ind1="C" ind2="5">
    <subfield code="s">Phys.Lett.,B70,132</subfield>
  </datafield>
  <datafield tag="999" ind1="C" ind2="5">
    <subfield code="s">Nucl.Phys.,B110,40</subfield>
  </datafield>
  <datafield tag="999" ind1="C" ind2="5">
    <subfield code="s">Phys.Rev.,D15,2590</subfield>
  </datafield>
  <datafield tag="999" ind1="C" ind2="5">
    <subfield code="s">Phys.Lett.,B70,51</subfield>
  </datafield>
  <datafield tag="999" ind1="C" ind2="5">
    <subfield code="s">Phys.Lett.,B68,164</subfield>
  </datafield>
  <datafield tag="999" ind1="C" ind2="5">
    <subfield code="s">Annals Phys.,13,379</subfield>
  </datafield>
  <datafield tag="999" ind1="C" ind2="5">
    <subfield code="s">Nucl.Phys.,B121,58</subfield>
  </datafield>
  <datafield tag="999" ind1="C" ind2="5">
    <subfield code="s">Phys.Rev.Lett.,37,402</subfield>
  </datafield>
  <datafield tag="999" ind1="C" ind2="5">
    <subfield code="s">Nuovo Cim.,A32,101</subfield>
  </datafield>
  <datafield tag="999" ind1="C" ind2="5">
    <subfield code="s">Nucl.Phys.,B117,519</subfield>
  </datafield>
  <datafield tag="999" ind1="C" ind2="5">
    <subfield code="s">Phys.Rev.Lett.,39,252</subfield>
  </datafield>
  <datafield tag="999" ind1="C" ind2="5">
    <subfield code="s">Phys.Rev.Lett.,39,1240</subfield>
  </datafield>
</record>