<record>
  <datafield tag="100" ind1=" " ind2=" ">
    <subfield code="a">Choban, E.A.</subfield>
    <subfield code="u">St. Petersburg State U.</subfield>
  </datafield>
  <datafield tag="700" ind1=" " ind2=" ">
    <subfield code="a">Onipchuk, A.B.</subfield>
    <subfield code="u">Moscow, INR</subfield>
  </datafield>
  <datafield tag="999" ind1="C" ind2="5">
    <subfield code="s">Z.Phys.,C25,269</subfield>
  </datafield>
  <datafield tag="999" ind1="C" ind2="5">
    <subfield code="s">Yad.Fiz.,33,1107</subfield>
  </datafield>
  <datafield tag="999" ind1="C" ind2="5">
    <subfield code="s">Phys.Rev.Lett.,35,1202</subfield>
  </datafield>
  <datafield tag="999" ind1="C" ind2="5">
    <subfield code="s">Phys.Lett.,B70,396</subfield>
  </datafield>
  <datafield tag="999" ind1="C" ind2="5">
    <subfield code="s">Phys.Rev.Lett.,41,725</subfield>
  </datafield>
  <datafield tag="999" ind1="C" ind2="5">
    <subfield code="s">Z.Phys.,C31,39</subfield>
  </datafield>
  <datafield tag="999" ind1="C" ind2="5">
    <subfield code="s">Z.Phys.,C33,483</subfield>
  </datafield>
  <datafield tag="999" ind1="C" ind2="5">
    <subfield code="s">Phys.Rev.Lett.,60,1618</subfield>
  </datafield>
  <datafield tag="999" ind1="C" ind2="5">
    <subfield code="s">Phys.Rev.,D23,1889</subfield>
  </datafield>
  <datafield tag="999" ind1="C" ind2="5">
    <subfield code="s">Phys.Rev.Lett.,46,1555</subfield>
  </datafield>
  <datafield tag="999" ind1="C" ind2="5">
    <subfield code="s">Phys.Lett.,B86,103</subfield>
  </datafield>
  <datafield tag="999" ind1="C" ind2="5">
    <subfield code="s">Phys.Rev.Lett.,54,1336</subfield>
  </datafield>
  <datafield tag="999" ind1="C" ind2="5">
    <subfield code="s">Phys.Rev.,D24,7</subfield>
  </datafield>
  <datafield tag="999" ind1="C" ind2="5">
    <subfield code="s">Phys.Lett.,B106,151</subfield>
  </datafield>
  <datafield tag="999" ind1="C" ind2="5">
    <subfield code="s">Nucl.Phys.,B222,365</subfield>
  </datafield>
  <datafield tag="999" ind1="C" ind2="5">
    <subfield code="s">Z.Phys.,C21,307</subfield>
  </datafield>
  <datafield tag="999" ind1="C" ind2="5">
    <subfield code="s">Phys.Rev.Lett.,55,2543</subfield>
  </datafield>
  <datafield tag="999" ind1="C" ind2="5">
    <subfield code="s">Z.Phys.,C29,15</subfield>
  </datafield>
  <datafield tag="999" ind1="C" ind2="5">
    <subfield code="s">Phys.Rev.,D25,1803</subfield>
  </datafield>
  <datafield tag="999" ind1="C" ind2="5">
    <subfield code="s">Phys.Rev.,D23,2745</subfield>
  </datafield>
  <datafield tag="999" ind1="C" ind2="5">
    <subfield code="s">Phys.Rev.,D24,1328</subfield>
  </datafield>
  <datafield tag="999" ind1="C" ind2="5">
    <subfield code="s">Phys.Rev.Lett.,39,1598</subfield>
  </datafield>
  <datafield tag="999" ind1="C" ind2="5">
    <subfield code="s">Phys.Lett.,B74,111</subfield>
  </datafield>
  <datafield tag="999" ind1="C" ind2="5">
    <subfield code="s">Phys.Rev.,D18,2308</subfield>
  </datafield>
  <datafield tag="999" ind1="C" ind2="5">
    <subfield code="s">Phys.Rev.,D19,1978</subfield>
  </datafield>
  <datafield tag="999" ind1="C" ind2="5">
    <subfield code="s">Nucl.Phys.,B173,487</subfield>
  </datafield>
  <datafield tag="999" ind1="C" ind2="5">
    <subfield code="s">Phys.Lett.,B175,227</subfield>
  </datafield>
  <datafield tag="999" ind1="C" ind2="5">
    <subfield code="s">Phys.Lett.,B110,73</subfield>
  </datafield>
  <datafield tag="999" ind1="C" ind2="5">
    <subfield code="s">Phys.Lett.,B204,1</subfield>
  </datafield>
  <datafield tag="999" ind1="C" ind2="5">
    <subfield code="s">Phys.Rev.,D15,2590</subfield>
  </datafield>
  <datafield tag="999" ind1="C" ind2="5">
    <subfield code="s">Sov.J.Nucl.Phys.,38,433</subfield>
  </datafield>
  <datafield tag="999" ind1="C" ind2="5">
    <subfield code="s">Phys.Rev.Lett.,60,89</subfield>
  </datafield>
  <datafield tag="999" ind1="C" ind2="5">
    <subfield code="s">Phys.Rev.,D16,746</subfield>
  </datafield>
  <datafield tag="999" ind1="C" ind2="5">
    <subfield code="s">Pisma Zh.Eksp.Teor.Fiz.,30,81</subfield>
  </datafield>
  <datafield tag="856" ind1="4" ind2=" ">
    <subfield code="w">0130583</subfield>
    <subfield code="y">CERNKEY</subfield>
    <subfield code="u">http://alice.cern.ch/format/showfull?sysnb=0130583</subfield>
  </datafield>
  <datafield tag="037" ind1=" " ind2=" ">
    <subfield code="a">IYAI-P-683</subfield>
  </datafield>
  <datafield tag="245" ind1=" " ind2=" ">
    <subfield code="a">Like sign dileptons in neutrino (anti-neutrino) nucleon collisions</subfield>
  </datafield>
  <datafield tag="300" ind1=" " ind2=" ">
    <subfield code="a">33</subfield>
  </datafield>
  <datafield tag="035" ind1=" " ind2=" ">
    <subfield code="z">0130583</subfield>
    <subfield code="9">CERNKEY</subfield>
  </datafield>
  <datafield tag="035" ind1=" " ind2=" ">
    <subfield code="z">Choban:1990te</subfield>
    <subfield code="9">SPIRESTeX</subfield>
  </datafield>
  <datafield tag="269" ind1=" " ind2=" ">
    <subfield code="c">1990-12</subfield>
  </datafield>
  <datafield tag="961" ind1=" " ind2=" ">
    <subfield code="x">1991-03-29</subfield>
  </datafield>
  <datafield tag="961" ind1=" " ind2=" ">
    <subfield code="c">2001-10-17</subfield>
  </datafield>
  <datafield tag="970" ind1=" " ind2=" ">
    <subfield code="a">SPIRES-2331179</subfield>
  </datafield>
  <datafield tag="980" ind1=" " ind2=" ">
    <subfield code="a">unknown</subfield>
  </datafield>
</record>