<record>
  <controlfield tag="005">20120715102000.0</controlfield>
  <datafield tag="024" ind1="7" ind2=" ">
    <subfield code="2">DOI</subfield>
    <subfield code="a">10.1103/PhysRevD.24.559</subfield>
  </datafield>
  <datafield tag="970" ind1=" " ind2=" ">
    <subfield code="a">SPIRES-774758</subfield>
  </datafield>
  <datafield tag="100" ind1=" " ind2=" ">
    <subfield code="a">Gollin, G.D.</subfield>
    <subfield code="u">Princeton U.</subfield>
  </datafield>
  <datafield tag="700" ind1=" " ind2=" ">
    <subfield code="a">Shoemaker, F.C.</subfield>
    <subfield code="u">Princeton U.</subfield>
  </datafield>
  <datafield tag="700" ind1=" " ind2=" ">
    <subfield code="a">Surko, P.</subfield>
    <subfield code="u">Princeton U.</subfield>
  </datafield>
  <datafield tag="700" ind1=" " ind2=" ">
    <subfield code="a">Clark, A.R.</subfield>
    <subfield code="u">UC, Berkeley</subfield>
    <subfield code="u">LBL, Berkeley</subfield>
  </datafield>
  <datafield tag="700" ind1=" " ind2=" ">
    <subfield code="a">Johnson, K.J.</subfield>
    <subfield code="u">UC, Berkeley</subfield>
    <subfield code="u">LBL, Berkeley</subfield>
  </datafield>
  <datafield tag="700" ind1=" " ind2=" ">
    <subfield code="a">Kerth, L.T.</subfield>
    <subfield code="u">UC, Berkeley</subfield>
    <subfield code="u">LBL, Berkeley</subfield>
  </datafield>
  <datafield tag="700" ind1=" " ind2=" ">
    <subfield code="a">Loken, S.C.</subfield>
    <subfield code="u">UC, Berkeley</subfield>
    <subfield code="u">LBL, Berkeley</subfield>
  </datafield>
  <datafield tag="700" ind1=" " ind2=" ">
    <subfield code="a">Markiewicz, Thomas W.</subfield>
    <subfield code="u">UC, Berkeley</subfield>
    <subfield code="u">LBL, Berkeley</subfield>
  </datafield>
  <datafield tag="700" ind1=" " ind2=" ">
    <subfield code="a">Meyers, P.D.</subfield>
    <subfield code="u">UC, Berkeley</subfield>
    <subfield code="u">LBL, Berkeley</subfield>
  </datafield>
  <datafield tag="700" ind1=" " ind2=" ">
    <subfield code="a">Smith, W.H.</subfield>
    <subfield code="u">UC, Berkeley</subfield>
    <subfield code="u">LBL, Berkeley</subfield>
  </datafield>
  <datafield tag="700" ind1=" " ind2=" ">
    <subfield code="a">Strovink, M.</subfield>
    <subfield code="u">UC, Berkeley</subfield>
    <subfield code="u">LBL, Berkeley</subfield>
  </datafield>
  <datafield tag="700" ind1=" " ind2=" ">
    <subfield code="a">Wenzel, W.A.</subfield>
    <subfield code="u">UC, Berkeley</subfield>
    <subfield code="u">LBL, Berkeley</subfield>
  </datafield>
  <datafield tag="700" ind1=" " ind2=" ">
    <subfield code="a">Johnson, R.P.</subfield>
    <subfield code="u">Fermilab</subfield>
  </datafield>
  <datafield tag="700" ind1=" " ind2=" ">
    <subfield code="a">Moore, Craig D.</subfield>
    <subfield code="u">Fermilab</subfield>
  </datafield>
  <datafield tag="700" ind1=" " ind2=" ">
    <subfield code="a">Mugge, M.</subfield>
    <subfield code="u">Fermilab</subfield>
  </datafield>
  <datafield tag="700" ind1=" " ind2=" ">
    <subfield code="a">Shafer, R.E.</subfield>
    <subfield code="u">Fermilab</subfield>
  </datafield>
  <datafield tag="773" ind1=" " ind2=" ">
    <subfield code="p">Phys.Rev.</subfield>
    <subfield code="v">D24</subfield>
    <subfield code="c">559</subfield>
    <subfield code="y">1981</subfield>
  </datafield>
  <datafield tag="650" ind1="1" ind2="7">
    <subfield code="a">Experiment-HEP</subfield>
    <subfield code="2">INSPIRE</subfield>
  </datafield>
  <datafield tag="690" ind1="C" ind2=" ">
    <subfield code="a">Published</subfield>
    <subfield code="2">INSPIRE</subfield>
  </datafield>
  <datafield tag="856" ind1="4" ind2=" ">
    <subfield code="w">1981PhRvD..24..559G</subfield>
    <subfield code="y">ADSABS</subfield>
    <subfield code="u">http://www.adsabs.harvard.edu/abs/1981PhRvD..24..559G</subfield>
  </datafield>
  <datafield tag="856" ind1="4" ind2=" ">
    <subfield code="w">10.1103/PhysRevD.24.559</subfield>
    <subfield code="y">DOI</subfield>
    <subfield code="u">http://dx.doi.org/10.1103/PhysRevD.24.559</subfield>
  </datafield>
  <datafield tag="856" ind1="4" ind2=" ">
    <subfield code="w">81-015-EXP</subfield>
    <subfield code="y">FERMILABPUB</subfield>
    <subfield code="u">http://lss.fnal.gov/cgi-bin/find_paper.pl?pub-81-015-EXP</subfield>
  </datafield>
  <datafield tag="856" ind1="4" ind2=" ">
    <subfield code="w">V24/P559</subfield>
    <subfield code="y">PHRVA-D</subfield>
    <subfield code="u">http://link.aps.org/abstract/PRD/V24/P559</subfield>
  </datafield>
  <datafield tag="037" ind1=" " ind2=" ">
    <subfield code="a">LBL-12086</subfield>
  </datafield>
  <datafield tag="037" ind1=" " ind2=" ">
    <subfield code="a">COO-3072-13</subfield>
  </datafield>
  <datafield tag="037" ind1=" " ind2=" ">
    <subfield code="a">FERMILAB-PUB-81-015-EXP</subfield>
  </datafield>
  <datafield tag="037" ind1=" " ind2=" ">
    <subfield code="a">FERMILAB-PUB-81-015-E</subfield>
  </datafield>
  <datafield tag="245" ind1=" " ind2=" ">
    <subfield code="a">Charm Production by Muons and Its Role in Scale Noninvariance</subfield>
  </datafield>
  <datafield tag="300" ind1=" " ind2=" ">
    <subfield code="a">113</subfield>
  </datafield>
  <datafield tag="693" ind1=" " ind2=" ">
    <subfield code="e">FNAL-E-0203</subfield>
  </datafield>
  <datafield tag="693" ind1=" " ind2=" ">
    <subfield code="e">FNAL-E-0391</subfield>
  </datafield>
  <datafield tag="695" ind1=" " ind2=" ">
    <subfield code="a">MUON NUCLEON: INCLUSIVE REACTION</subfield>
    <subfield code="2">INSPIRE</subfield>
  </datafield>
  <datafield tag="695" ind1=" " ind2=" ">
    <subfield code="a">CHARMED PARTICLE: ELECTROPRODUCTION</subfield>
    <subfield code="2">INSPIRE</subfield>
  </datafield>
  <datafield tag="695" ind1=" " ind2=" ">
    <subfield code="a">ELECTROPRODUCTION: CHARMED PARTICLE</subfield>
    <subfield code="2">INSPIRE</subfield>
  </datafield>
  <datafield tag="695" ind1=" " ind2=" ">
    <subfield code="a">DIFFRACTION: PRODUCTION</subfield>
    <subfield code="2">INSPIRE</subfield>
  </datafield>
  <datafield tag="695" ind1=" " ind2=" ">
    <subfield code="a">PRODUCTION: DIFFRACTION</subfield>
    <subfield code="2">INSPIRE</subfield>
  </datafield>
  <datafield tag="695" ind1=" " ind2=" ">
    <subfield code="a">CHANNEL CROSS SECTION: MOMENTUM TRANSFER</subfield>
    <subfield code="2">INSPIRE</subfield>
  </datafield>
  <datafield tag="695" ind1=" " ind2=" ">
    <subfield code="a">SCALING: VIOLATION</subfield>
    <subfield code="2">INSPIRE</subfield>
  </datafield>
  <datafield tag="695" ind1=" " ind2=" ">
    <subfield code="a">HADRON: STRUCTURE FUNCTION</subfield>
    <subfield code="2">INSPIRE</subfield>
  </datafield>
  <datafield tag="695" ind1=" " ind2=" ">
    <subfield code="a">SELECTION RULE: IIZUKA-OKUBO-ZWEIG</subfield>
    <subfield code="2">INSPIRE</subfield>
  </datafield>
  <datafield tag="695" ind1=" " ind2=" ">
    <subfield code="a">QUARK: CHARM</subfield>
    <subfield code="2">INSPIRE</subfield>
  </datafield>
  <datafield tag="695" ind1=" " ind2=" ">
    <subfield code="a">J/PSI(3100)</subfield>
    <subfield code="2">INSPIRE</subfield>
  </datafield>
  <datafield tag="695" ind1=" " ind2=" ">
    <subfield code="a">PHOTON NUCLEON: TOTAL CROSS SECTION</subfield>
    <subfield code="2">INSPIRE</subfield>
  </datafield>
  <datafield tag="695" ind1=" " ind2=" ">
    <subfield code="a">TOTAL CROSS SECTION: PHOTON NUCLEON</subfield>
    <subfield code="2">INSPIRE</subfield>
  </datafield>
  <datafield tag="695" ind1=" " ind2=" ">
    <subfield code="a">ENERGY SPECTRUM</subfield>
    <subfield code="2">INSPIRE</subfield>
  </datafield>
  <datafield tag="695" ind1=" " ind2=" ">
    <subfield code="a">SPECTRUM: X-DEPENDENCE</subfield>
    <subfield code="2">INSPIRE</subfield>
  </datafield>
  <datafield tag="695" ind1=" " ind2=" ">
    <subfield code="a">X-DEPENDENCE: SPECTRUM</subfield>
    <subfield code="2">INSPIRE</subfield>
  </datafield>
  <datafield tag="695" ind1=" " ind2=" ">
    <subfield code="a">TABLES</subfield>
    <subfield code="2">INSPIRE</subfield>
  </datafield>
  <datafield tag="695" ind1=" " ind2=" ">
    <subfield code="a">NUMERICAL CALCULATIONS: MONTE CARLO</subfield>
    <subfield code="2">INSPIRE</subfield>
  </datafield>
  <datafield tag="695" ind1=" " ind2=" ">
    <subfield code="a">MAGNETIC SPECTROMETER: EXPERIMENTAL RESULTS</subfield>
    <subfield code="2">INSPIRE</subfield>
  </datafield>
  <datafield tag="695" ind1=" " ind2=" ">
    <subfield code="a">BIBLIOGRAPHY</subfield>
    <subfield code="2">INSPIRE</subfield>
  </datafield>
  <datafield tag="695" ind1=" " ind2=" ">
    <subfield code="a">BATAVIA PS</subfield>
    <subfield code="2">INSPIRE</subfield>
  </datafield>
  <datafield tag="695" ind1=" " ind2=" ">
    <subfield code="a">209 GEV</subfield>
    <subfield code="2">INSPIRE</subfield>
  </datafield>
  <datafield tag="035" ind1=" " ind2=" ">
    <subfield code="z">D81-11861</subfield>
    <subfield code="9">DESY</subfield>
  </datafield>
  <datafield tag="595" ind1=" " ind2=" ">
    <subfield code="a">rdupok</subfield>
    <subfield code="9">SPIRES-HIDDEN</subfield>
  </datafield>
  <datafield tag="595" ind1=" " ind2=" ">
    <subfield code="a">doi from CrossRef</subfield>
    <subfield code="9">SPIRES-HIDDEN</subfield>
  </datafield>
  <datafield tag="595" ind1=" " ind2=" ">
    <subfield code="a">Title changed from ALLCAPS</subfield>
    <subfield code="9">SPIRES-HIDDEN</subfield>
  </datafield>
  <datafield tag="595" ind1=" " ind2=" ">
    <subfield code="a">Article 2 of issue</subfield>
    <subfield code="9">SPIRES-HIDDEN</subfield>
  </datafield>
  <datafield tag="035" ind1=" " ind2=" ">
    <subfield code="z">Gollin:1981nc</subfield>
    <subfield code="9">SPIRESTeX</subfield>
  </datafield>
  <datafield tag="980" ind1=" " ind2=" ">
    <subfield code="a">Published</subfield>
  </datafield>
  <datafield tag="980" ind1=" " ind2=" ">
    <subfield code="a">Citeable</subfield>
  </datafield>
  <datafield tag="980" ind1=" " ind2=" ">
    <subfield code="a">CORE</subfield>
  </datafield>
  <datafield tag="999" ind1="C" ind2="5">
    <subfield code="s">Phys.Lett.,11,255</subfield>
  </datafield>
  <datafield tag="999" ind1="C" ind2="5">
    <subfield code="s">Phys.Rev.,D2,1285</subfield>
  </datafield>
  <datafield tag="999" ind1="C" ind2="5">
    <subfield code="s">Phys.Lett.,8,214</subfield>
  </datafield>
  <datafield tag="999" ind1="C" ind2="5">
    <subfield code="s">Phys.Rev.Lett.,33,1404</subfield>
  </datafield>
  <datafield tag="999" ind1="C" ind2="5">
    <subfield code="s">Phys.Rev.Lett.,33,1406</subfield>
  </datafield>
  <datafield tag="999" ind1="C" ind2="5">
    <subfield code="s">Phys.Rev.Lett.,37,255</subfield>
  </datafield>
  <datafield tag="999" ind1="C" ind2="5">
    <subfield code="s">Phys.Rev.Lett.,37,569</subfield>
  </datafield>
  <datafield tag="999" ind1="C" ind2="5">
    <subfield code="s">Phys.Rev.Lett.,38,1313</subfield>
  </datafield>
  <datafield tag="999" ind1="C" ind2="5">
    <subfield code="s">Nucl.Phys.,B147,147</subfield>
  </datafield>
  <datafield tag="999" ind1="C" ind2="5">
    <subfield code="s">Phys.Rev.Lett.,45,682</subfield>
  </datafield>
  <datafield tag="999" ind1="C" ind2="5">
    <subfield code="s">Phys.Rev.Lett.,45,1465</subfield>
  </datafield>
  <datafield tag="999" ind1="C" ind2="5">
    <subfield code="s">Phys.Rev.,D20,2645</subfield>
  </datafield>
  <datafield tag="999" ind1="C" ind2="5">
    <subfield code="s">IEEE Trans.Nucl.Sci.,26,59</subfield>
  </datafield>
  <datafield tag="999" ind1="C" ind2="5">
    <subfield code="s">Phys.Lett.,B91,253</subfield>
  </datafield>
  <datafield tag="999" ind1="C" ind2="5">
    <subfield code="s">Phys.Rev.Lett.,43,187</subfield>
  </datafield>
  <datafield tag="999" ind1="C" ind2="5">
    <subfield code="s">Phys.Lett.,B57,201</subfield>
  </datafield>
  <datafield tag="999" ind1="C" ind2="5">
    <subfield code="s">Phys.Lett.,B84,507</subfield>
  </datafield>
  <datafield tag="999" ind1="C" ind2="5">
    <subfield code="s">Nucl.Phys.,B114,45</subfield>
  </datafield>
  <datafield tag="999" ind1="C" ind2="5">
    <subfield code="s">Phys.Rev.,D19,2543</subfield>
  </datafield>
  <datafield tag="999" ind1="C" ind2="5">
    <subfield code="s">Nucl.Phys.,B54,141</subfield>
  </datafield>
  <datafield tag="999" ind1="C" ind2="5">
    <subfield code="s">Nucl.Phys.,B60,307</subfield>
  </datafield>
  <datafield tag="999" ind1="C" ind2="5">
    <subfield code="s">Nucl.Phys.,B75,401</subfield>
  </datafield>
  <datafield tag="999" ind1="C" ind2="5">
    <subfield code="s">Phys.Lett.,B56,395</subfield>
  </datafield>
  <datafield tag="999" ind1="C" ind2="5">
    <subfield code="s">Nucl.Phys.,B77,365</subfield>
  </datafield>
  <datafield tag="999" ind1="C" ind2="5">
    <subfield code="s">Nucl.Phys.,B58,77</subfield>
  </datafield>
  <datafield tag="999" ind1="C" ind2="5">
    <subfield code="s">Nucl.Phys.,B132,19</subfield>
  </datafield>
  <datafield tag="999" ind1="C" ind2="5">
    <subfield code="s">Sov.J.Nucl.Phys.,24,303</subfield>
  </datafield>
  <datafield tag="999" ind1="C" ind2="5">
    <subfield code="s">Phys.Rev.,D21,675</subfield>
  </datafield>
  <datafield tag="999" ind1="C" ind2="5">
    <subfield code="s">Phys.Lett.,B36,415</subfield>
  </datafield>
  <datafield tag="999" ind1="C" ind2="5">
    <subfield code="s">Nucl.Phys.,B65,1</subfield>
  </datafield>
  <datafield tag="999" ind1="C" ind2="5">
    <subfield code="s">Phys.Rev.Lett.,33,932</subfield>
  </datafield>
  <datafield tag="999" ind1="C" ind2="5">
    <subfield code="s">Phys.Rev.,138,913</subfield>
  </datafield>
  <datafield tag="999" ind1="C" ind2="5">
    <subfield code="s">Nucl.Phys.,B32,10</subfield>
  </datafield>
  <datafield tag="999" ind1="C" ind2="5">
    <subfield code="s">Phys.Rev.,D20,5</subfield>
  </datafield>
  <datafield tag="999" ind1="C" ind2="5">
    <subfield code="s">Phys.Rev.,D15,2590</subfield>
  </datafield>
  <datafield tag="999" ind1="C" ind2="5">
    <subfield code="s">Phys.Rev.,D20,630</subfield>
  </datafield>
  <datafield tag="999" ind1="C" ind2="5">
    <subfield code="s">Phys.Rev.Lett.,45,686</subfield>
  </datafield>
  <datafield tag="999" ind1="C" ind2="5">
    <subfield code="s">Phys.Rev.Lett.,43,1551</subfield>
  </datafield>
  <datafield tag="999" ind1="C" ind2="5">
    <subfield code="s">Phys.Rev.Lett.,37,1316</subfield>
  </datafield>
  <datafield tag="999" ind1="C" ind2="5">
    <subfield code="s">Phys.Rev.Lett.,39,519</subfield>
  </datafield>
  <datafield tag="999" ind1="C" ind2="5">
    <subfield code="s">Phys.Rev.,167,1365</subfield>
  </datafield>
  <datafield tag="999" ind1="C" ind2="5">
    <subfield code="s">Phys.Rev.,129,1834</subfield>
  </datafield>
  <datafield tag="999" ind1="C" ind2="5">
    <subfield code="s">Phys.Rev.Lett.,43,414</subfield>
  </datafield>
  <datafield tag="999" ind1="C" ind2="5">
    <subfield code="s">Phys.Rev.Lett.,44,1309</subfield>
  </datafield>
  <datafield tag="999" ind1="C" ind2="5">
    <subfield code="s">Phys.Rev.Lett.,42,533</subfield>
  </datafield>
  <datafield tag="999" ind1="C" ind2="5">
    <subfield code="s">Phys.Rev.Lett.,40,1222</subfield>
  </datafield>
  <datafield tag="999" ind1="C" ind2="5">
    <subfield code="s">Phys.Lett.,5,160</subfield>
  </datafield>
  <datafield tag="999" ind1="C" ind2="5">
    <subfield code="s">Prog.Theor.Phys.Suppl.,37,21</subfield>
  </datafield>
  <datafield tag="999" ind1="C" ind2="5">
    <subfield code="s">Phys.Rev.Lett.,35,898</subfield>
  </datafield>
  <datafield tag="999" ind1="C" ind2="5">
    <subfield code="s">Phys.Rev.Lett.,35,901</subfield>
  </datafield>
  <datafield tag="999" ind1="C" ind2="5">
    <subfield code="s">Phys.Lett.,B94,101</subfield>
  </datafield>
  <datafield tag="999" ind1="C" ind2="5">
    <subfield code="s">Rev.Mod.Phys.,52,S1</subfield>
  </datafield>
  <datafield tag="269" ind1=" " ind2=" ">
    <subfield code="c">1981-03</subfield>
  </datafield>
  <datafield tag="961" ind1=" " ind2=" ">
    <subfield code="x">1981-03</subfield>
  </datafield>
  <datafield tag="961" ind1=" " ind2=" ">
    <subfield code="c">2011-09-08</subfield>
  </datafield>
</record>