<record>
  <controlfield tag="005">20121024015320.0</controlfield>
  <datafield tag="595" ind1=" " ind2=" ">
    <subfield code="9">SPIRES-HIDDEN</subfield>
    <subfield code="a">Title standardized on 7/21/2004</subfield>
  </datafield>
  <datafield tag="595" ind1=" " ind2=" ">
    <subfield code="9">SPIRES-HIDDEN</subfield>
    <subfield code="a">DOI from CrossRef</subfield>
  </datafield>
  <datafield tag="595" ind1=" " ind2=" ">
    <subfield code="9">SPIRES-HIDDEN</subfield>
    <subfield code="a">desy-keyword change 10.31.10</subfield>
  </datafield>
  <datafield tag="210" ind1=" " ind2=" ">
    <subfield code="a">QUANTUM CHROMODYNAMICS</subfield>
  </datafield>
  <datafield tag="980" ind1=" " ind2=" ">
    <subfield code="a">Published</subfield>
  </datafield>
  <datafield tag="980" ind1=" " ind2=" ">
    <subfield code="a">Citeable</subfield>
  </datafield>
  <datafield tag="980" ind1=" " ind2=" ">
    <subfield code="a">CORE</subfield>
  </datafield>
  <datafield tag="700" ind1=" " ind2=" ">
    <subfield code="a">Chen, C.</subfield>
    <subfield code="u">DESY</subfield>
  </datafield>
  <datafield tag="700" ind1=" " ind2=" ">
    <subfield code="a">Fenner, H.</subfield>
    <subfield code="u">DESY</subfield>
  </datafield>
  <datafield tag="700" ind1=" " ind2=" ">
    <subfield code="a">Field, J.H.</subfield>
    <subfield code="u">DESY</subfield>
  </datafield>
  <datafield tag="700" ind1=" " ind2=" ">
    <subfield code="a">Schroder, V.</subfield>
    <subfield code="u">DESY</subfield>
  </datafield>
  <datafield tag="700" ind1=" " ind2=" ">
    <subfield code="a">Sindt, H.</subfield>
    <subfield code="u">DESY</subfield>
  </datafield>
  <datafield tag="700" ind1=" " ind2=" ">
    <subfield code="a">D'Agostini, G.</subfield>
    <subfield code="u">Karlsruhe U., EKP</subfield>
    <subfield code="u">Karlsruhe U.</subfield>
  </datafield>
  <datafield tag="700" ind1=" " ind2=" ">
    <subfield code="a">Apel, W.D.</subfield>
    <subfield code="u">Karlsruhe U., EKP</subfield>
    <subfield code="u">Karlsruhe U.</subfield>
  </datafield>
  <datafield tag="700" ind1=" " ind2=" ">
    <subfield code="a">Banerjee, S.</subfield>
    <subfield code="u">Karlsruhe U., EKP</subfield>
    <subfield code="u">Karlsruhe U.</subfield>
  </datafield>
  <datafield tag="700" ind1=" " ind2=" ">
    <subfield code="a">Bodenkamp, J.</subfield>
    <subfield code="u">Karlsruhe U., EKP</subfield>
    <subfield code="u">Karlsruhe U.</subfield>
  </datafield>
  <datafield tag="700" ind1=" " ind2=" ">
    <subfield code="a">Chrobaczek, D.</subfield>
    <subfield code="u">Karlsruhe U., EKP</subfield>
    <subfield code="u">Karlsruhe U.</subfield>
  </datafield>
  <datafield tag="700" ind1=" " ind2=" ">
    <subfield code="a">Engler, J.</subfield>
    <subfield code="u">Karlsruhe U., EKP</subfield>
    <subfield code="u">Karlsruhe U.</subfield>
  </datafield>
  <datafield tag="700" ind1=" " ind2=" ">
    <subfield code="a">Flugge, G.</subfield>
    <subfield code="u">Karlsruhe U., EKP</subfield>
    <subfield code="u">Karlsruhe U.</subfield>
  </datafield>
  <datafield tag="700" ind1=" " ind2=" ">
    <subfield code="a">Fries, D.C.</subfield>
    <subfield code="u">Karlsruhe U., EKP</subfield>
    <subfield code="u">Karlsruhe U.</subfield>
  </datafield>
  <datafield tag="700" ind1=" " ind2=" ">
    <subfield code="a">Fues, W.</subfield>
    <subfield code="u">Karlsruhe U., EKP</subfield>
    <subfield code="u">Karlsruhe U.</subfield>
  </datafield>
  <datafield tag="700" ind1=" " ind2=" ">
    <subfield code="a">Gamerdinger, K.</subfield>
    <subfield code="u">Karlsruhe U., EKP</subfield>
    <subfield code="u">Karlsruhe U.</subfield>
  </datafield>
  <datafield tag="700" ind1=" " ind2=" ">
    <subfield code="a">Hopp, G.</subfield>
    <subfield code="u">Karlsruhe U., EKP</subfield>
    <subfield code="u">Karlsruhe U.</subfield>
  </datafield>
  <datafield tag="700" ind1=" " ind2=" ">
    <subfield code="a">Kuster, H.</subfield>
    <subfield code="u">Karlsruhe U., EKP</subfield>
    <subfield code="u">Karlsruhe U.</subfield>
  </datafield>
  <datafield tag="700" ind1=" " ind2=" ">
    <subfield code="a">Muller, H.</subfield>
    <subfield code="u">Karlsruhe U., EKP</subfield>
    <subfield code="u">Karlsruhe U.</subfield>
  </datafield>
  <datafield tag="700" ind1=" " ind2=" ">
    <subfield code="a">Randoll, H.</subfield>
    <subfield code="u">Karlsruhe U., EKP</subfield>
    <subfield code="u">Karlsruhe U.</subfield>
  </datafield>
  <datafield tag="700" ind1=" " ind2=" ">
    <subfield code="a">Schmidt, G.</subfield>
    <subfield code="u">Karlsruhe U., EKP</subfield>
    <subfield code="u">Karlsruhe U.</subfield>
  </datafield>
  <datafield tag="700" ind1=" " ind2=" ">
    <subfield code="a">Schneider, H.</subfield>
    <subfield code="u">Karlsruhe U., EKP</subfield>
    <subfield code="u">Karlsruhe U.</subfield>
  </datafield>
  <datafield tag="700" ind1=" " ind2=" ">
    <subfield code="a">de Boer, W.</subfield>
    <subfield code="u">Munich, Max Planck Inst.</subfield>
  </datafield>
  <datafield tag="700" ind1=" " ind2=" ">
    <subfield code="a">Buschhorn, G.</subfield>
    <subfield code="u">Munich, Max Planck Inst.</subfield>
  </datafield>
  <datafield tag="700" ind1=" " ind2=" ">
    <subfield code="a">Grindhammer, Guenter</subfield>
    <subfield code="i">INSPIRE-00185120</subfield>
    <subfield code="u">Munich, Max Planck Inst.</subfield>
  </datafield>
  <datafield tag="700" ind1=" " ind2=" ">
    <subfield code="a">Grosse-Wiesmann, P.</subfield>
    <subfield code="u">Munich, Max Planck Inst.</subfield>
  </datafield>
  <datafield tag="700" ind1=" " ind2=" ">
    <subfield code="a">Gunderson, B.</subfield>
    <subfield code="u">Munich, Max Planck Inst.</subfield>
  </datafield>
  <datafield tag="700" ind1=" " ind2=" ">
    <subfield code="a">Kiesling, Christian M.</subfield>
    <subfield code="u">Munich, Max Planck Inst.</subfield>
  </datafield>
  <datafield tag="700" ind1=" " ind2=" ">
    <subfield code="a">Kotthaus, R.</subfield>
    <subfield code="u">Munich, Max Planck Inst.</subfield>
  </datafield>
  <datafield tag="700" ind1=" " ind2=" ">
    <subfield code="a">Kruse, U.</subfield>
    <subfield code="u">Munich, Max Planck Inst.</subfield>
  </datafield>
  <datafield tag="700" ind1=" " ind2=" ">
    <subfield code="a">Lierl, H.</subfield>
    <subfield code="u">Munich, Max Planck Inst.</subfield>
  </datafield>
  <datafield tag="700" ind1=" " ind2=" ">
    <subfield code="a">Luers, D.</subfield>
    <subfield code="u">Munich, Max Planck Inst.</subfield>
  </datafield>
  <datafield tag="700" ind1=" " ind2=" ">
    <subfield code="a">Meyer, T.</subfield>
    <subfield code="u">Munich, Max Planck Inst.</subfield>
  </datafield>
  <datafield tag="700" ind1=" " ind2=" ">
    <subfield code="a">Oberlack, H.</subfield>
    <subfield code="u">Munich, Max Planck Inst.</subfield>
  </datafield>
  <datafield tag="700" ind1=" " ind2=" ">
    <subfield code="a">Schacht, P.</subfield>
    <subfield code="u">Munich, Max Planck Inst.</subfield>
  </datafield>
  <datafield tag="700" ind1=" " ind2=" ">
    <subfield code="a">Schachter, M.J.</subfield>
    <subfield code="u">Munich, Max Planck Inst.</subfield>
  </datafield>
  <datafield tag="700" ind1=" " ind2=" ">
    <subfield code="a">Snyder, A.</subfield>
    <subfield code="u">Munich, Max Planck Inst.</subfield>
  </datafield>
  <datafield tag="700" ind1=" " ind2=" ">
    <subfield code="a">Carnesecchi, G.</subfield>
    <subfield code="u">Orsay, LAL</subfield>
  </datafield>
  <datafield tag="700" ind1=" " ind2=" ">
    <subfield code="a">Colas, P.</subfield>
    <subfield code="u">Orsay, LAL</subfield>
  </datafield>
  <datafield tag="700" ind1=" " ind2=" ">
    <subfield code="a">Cordier, A.</subfield>
    <subfield code="u">Orsay, LAL</subfield>
  </datafield>
  <datafield tag="700" ind1=" " ind2=" ">
    <subfield code="a">Davier, M.</subfield>
    <subfield code="u">Orsay, LAL</subfield>
  </datafield>
  <datafield tag="700" ind1=" " ind2=" ">
    <subfield code="a">Fournier, D.</subfield>
    <subfield code="u">Orsay, LAL</subfield>
  </datafield>
  <datafield tag="700" ind1=" " ind2=" ">
    <subfield code="a">Grivaz, J.F.</subfield>
    <subfield code="u">Orsay, LAL</subfield>
  </datafield>
  <datafield tag="700" ind1=" " ind2=" ">
    <subfield code="a">Haissinski, J.</subfield>
    <subfield code="u">Orsay, LAL</subfield>
  </datafield>
  <datafield tag="700" ind1=" " ind2=" ">
    <subfield code="a">Journe, V.</subfield>
    <subfield code="u">Orsay, LAL</subfield>
  </datafield>
  <datafield tag="700" ind1=" " ind2=" ">
    <subfield code="a">Klarsfeld, A.</subfield>
    <subfield code="u">Orsay, LAL</subfield>
  </datafield>
  <datafield tag="700" ind1=" " ind2=" ">
    <subfield code="a">Laplanche, F.</subfield>
    <subfield code="u">Orsay, LAL</subfield>
  </datafield>
  <datafield tag="700" ind1=" " ind2=" ">
    <subfield code="a">Le Diberder, F.</subfield>
    <subfield code="u">Orsay, LAL</subfield>
  </datafield>
  <datafield tag="700" ind1=" " ind2=" ">
    <subfield code="a">Mallik, U.</subfield>
    <subfield code="u">Orsay, LAL</subfield>
  </datafield>
  <datafield tag="700" ind1=" " ind2=" ">
    <subfield code="a">Veillet, J.J.</subfield>
    <subfield code="u">Orsay, LAL</subfield>
  </datafield>
  <datafield tag="700" ind1=" " ind2=" ">
    <subfield code="a">George, R.</subfield>
    <subfield code="u">Paris U., VI-VII</subfield>
  </datafield>
  <datafield tag="700" ind1=" " ind2=" ">
    <subfield code="a">Goldberg, M.</subfield>
    <subfield code="u">Paris U., VI-VII</subfield>
  </datafield>
  <datafield tag="700" ind1=" " ind2=" ">
    <subfield code="a">Grossetete, B.</subfield>
    <subfield code="u">Paris U., VI-VII</subfield>
  </datafield>
  <datafield tag="700" ind1=" " ind2=" ">
    <subfield code="a">Hamon, O.</subfield>
    <subfield code="u">Paris U., VI-VII</subfield>
  </datafield>
  <datafield tag="700" ind1=" " ind2=" ">
    <subfield code="a">Kapusta, Frederic</subfield>
    <subfield code="u">Paris U., VI-VII</subfield>
  </datafield>
  <datafield tag="700" ind1=" " ind2=" ">
    <subfield code="a">Kovacs, F.</subfield>
    <subfield code="u">Paris U., VI-VII</subfield>
  </datafield>
  <datafield tag="700" ind1=" " ind2=" ">
    <subfield code="a">London, G.</subfield>
    <subfield code="u">Paris U., VI-VII</subfield>
  </datafield>
  <datafield tag="700" ind1=" " ind2=" ">
    <subfield code="a">Poggioli, L.</subfield>
    <subfield code="u">Paris U., VI-VII</subfield>
  </datafield>
  <datafield tag="700" ind1=" " ind2=" ">
    <subfield code="a">Rivoal, M.</subfield>
    <subfield code="u">Paris U., VI-VII</subfield>
  </datafield>
  <datafield tag="700" ind1=" " ind2=" ">
    <subfield code="a">Aleksan, R.</subfield>
    <subfield code="u">Saclay</subfield>
  </datafield>
  <datafield tag="700" ind1=" " ind2=" ">
    <subfield code="a">Bouchez, J.</subfield>
    <subfield code="u">Saclay</subfield>
  </datafield>
  <datafield tag="700" ind1=" " ind2=" ">
    <subfield code="a">Cozzika, G.</subfield>
    <subfield code="u">Saclay</subfield>
  </datafield>
  <datafield tag="700" ind1=" " ind2=" ">
    <subfield code="a">Ducros, Y.</subfield>
    <subfield code="u">Saclay</subfield>
  </datafield>
  <datafield tag="700" ind1=" " ind2=" ">
    <subfield code="a">Gaidot, A.</subfield>
    <subfield code="u">Saclay</subfield>
  </datafield>
  <datafield tag="700" ind1=" " ind2=" ">
    <subfield code="a">Jadach, S.</subfield>
    <subfield code="u">Saclay</subfield>
  </datafield>
  <datafield tag="700" ind1=" " ind2=" ">
    <subfield code="a">Lavagne, Y.</subfield>
    <subfield code="u">Saclay</subfield>
  </datafield>
  <datafield tag="700" ind1=" " ind2=" ">
    <subfield code="a">Pamela, J.</subfield>
    <subfield code="u">Saclay</subfield>
  </datafield>
  <datafield tag="700" ind1=" " ind2=" ">
    <subfield code="a">Pansart, J.P.</subfield>
    <subfield code="u">Saclay</subfield>
  </datafield>
  <datafield tag="700" ind1=" " ind2=" ">
    <subfield code="a">Pierre, F.</subfield>
    <subfield code="u">Saclay</subfield>
  </datafield>
  <datafield tag="269" ind1=" " ind2=" ">
    <subfield code="c">1982-03</subfield>
  </datafield>
  <datafield tag="035" ind1=" " ind2=" ">
    <subfield code="9">DESY</subfield>
    <subfield code="z">D82-03107</subfield>
  </datafield>
  <datafield tag="035" ind1=" " ind2=" ">
    <subfield code="9">DESY</subfield>
    <subfield code="z">D82-08591</subfield>
  </datafield>
  <datafield tag="035" ind1=" " ind2=" ">
    <subfield code="9">SPIRESTeX</subfield>
    <subfield code="z">Behrend:1982gk</subfield>
  </datafield>
  <datafield tag="035" ind1=" " ind2=" ">
    <subfield code="9">KEKSCAN</subfield>
    <subfield code="a">82-04-213</subfield>
  </datafield>
  <datafield tag="693" ind1=" " ind2=" ">
    <subfield code="e">DESY-PETRA-CELLO</subfield>
  </datafield>
  <datafield tag="693" ind1=" " ind2=" ">
    <subfield code="e">TAG-FROM-LBL91</subfield>
  </datafield>
  <datafield tag="690" ind1="C" ind2=" ">
    <subfield code="2">INSPIRE</subfield>
    <subfield code="a">Published</subfield>
  </datafield>
  <datafield tag="970" ind1=" " ind2=" ">
    <subfield code="a">SPIRES-905879</subfield>
  </datafield>
  <datafield tag="037" ind1=" " ind2=" ">
    <subfield code="a">DESY 82/017</subfield>
  </datafield>
  <datafield tag="037" ind1=" " ind2=" ">
    <subfield code="a">LAL 82/06</subfield>
  </datafield>
  <datafield tag="650" ind1="1" ind2="7">
    <subfield code="2">INSPIRE</subfield>
    <subfield code="a">Experiment-HEP</subfield>
  </datafield>
  <datafield tag="773" ind1=" " ind2=" ">
    <subfield code="c">427</subfield>
    <subfield code="p">Phys.Lett.</subfield>
    <subfield code="v">B113</subfield>
    <subfield code="y">1982</subfield>
  </datafield>
  <datafield tag="300" ind1=" " ind2=" ">
    <subfield code="a">18</subfield>
  </datafield>
  <datafield tag="520" ind1=" " ind2=" ">
    <subfield code="9">HEPDATA</subfield>
    <subfield code="h">TOTAL SAMPLE - 2600 EVENTS. FIRST ORDER QCD.</subfield>
  </datafield>
  <datafield tag="999" ind1="C" ind2="5">
    <subfield code="s">Phys.Scripta,23,610</subfield>
  </datafield>
  <datafield tag="999" ind1="C" ind2="5">
    <subfield code="s">Phys.Lett.,B63,432</subfield>
  </datafield>
  <datafield tag="999" ind1="C" ind2="5">
    <subfield code="s">Phys.Lett.,B99,277</subfield>
  </datafield>
  <datafield tag="999" ind1="C" ind2="5">
    <subfield code="s">Phys.Lett.,B104,325</subfield>
  </datafield>
  <datafield tag="999" ind1="C" ind2="5">
    <subfield code="s">Phys.Rept.,63,337</subfield>
  </datafield>
  <datafield tag="999" ind1="C" ind2="5">
    <subfield code="s">Phys.Rev.Lett.,45,1533</subfield>
  </datafield>
  <datafield tag="999" ind1="C" ind2="5">
    <subfield code="s">Phys.Lett.,B104,79</subfield>
  </datafield>
  <datafield tag="999" ind1="C" ind2="5">
    <subfield code="s">Phys.Lett.,B94,91</subfield>
  </datafield>
  <datafield tag="999" ind1="C" ind2="5">
    <subfield code="s">Phys.Lett.,B94,444</subfield>
  </datafield>
  <datafield tag="999" ind1="C" ind2="5">
    <subfield code="s">Phys.Lett.,B105,75</subfield>
  </datafield>
  <datafield tag="999" ind1="C" ind2="5">
    <subfield code="s">Phys.Rev.,D15,2590</subfield>
  </datafield>
  <datafield tag="999" ind1="C" ind2="5">
    <subfield code="s">Nucl.Phys.,B136,1</subfield>
  </datafield>
  <datafield tag="999" ind1="C" ind2="5">
    <subfield code="s">Nucl.Phys.,B161,349</subfield>
  </datafield>
  <datafield tag="999" ind1="C" ind2="5">
    <subfield code="s">Z.Phys.,C1,203</subfield>
  </datafield>
  <datafield tag="999" ind1="C" ind2="5">
    <subfield code="s">Z.Phys.,C9,315</subfield>
  </datafield>
  <datafield tag="999" ind1="C" ind2="5">
    <subfield code="s">Phys.Lett.,12,57</subfield>
  </datafield>
  <datafield tag="999" ind1="C" ind2="5">
    <subfield code="s">Phys.Rev.Lett.,39,1587</subfield>
  </datafield>
  <datafield tag="999" ind1="C" ind2="5">
    <subfield code="s">Z.Phys.,C1,61</subfield>
  </datafield>
  <datafield tag="999" ind1="C" ind2="5">
    <subfield code="s">Phys.Rev.Lett.,43,830</subfield>
  </datafield>
  <datafield tag="999" ind1="C" ind2="5">
    <subfield code="s">Phys.Lett.,B101,129</subfield>
  </datafield>
  <datafield tag="999" ind1="C" ind2="5">
    <subfield code="s">Phys.Lett.,B89,139</subfield>
  </datafield>
  <datafield tag="999" ind1="C" ind2="5">
    <subfield code="s">Phys.Lett.,B108,63</subfield>
  </datafield>
  <datafield tag="999" ind1="C" ind2="5">
    <subfield code="s">Phys.Lett.,B94,437</subfield>
  </datafield>
  <datafield tag="999" ind1="C" ind2="5">
    <subfield code="s">Z.Phys.,C1,105</subfield>
  </datafield>
  <datafield tag="999" ind1="C" ind2="5">
    <subfield code="s">Z.Phys.,C3,223</subfield>
  </datafield>
  <datafield tag="999" ind1="C" ind2="5">
    <subfield code="s">Z.Phys.,C6,235</subfield>
  </datafield>
  <datafield tag="999" ind1="C" ind2="5">
    <subfield code="s">Phys.Lett.,B91,142</subfield>
  </datafield>
  <datafield tag="999" ind1="C" ind2="5">
    <subfield code="s">Phys.Lett.,B97,459</subfield>
  </datafield>
  <datafield tag="856" ind1="4" ind2=" ">
    <subfield code="u">http://www.adsabs.harvard.edu/abs/1982PhLB..113..427B</subfield>
    <subfield code="w">1982PhLB..113..427B</subfield>
    <subfield code="y">ADSABS</subfield>
  </datafield>
  <datafield tag="856" ind1="4" ind2=" ">
    <subfield code="u">http://www.sciencedirect.com/science?_ob=GatewayURL&amp;_origin=SPIRES&amp;_method=citationSearch&amp;_volkey=03702693%23113%23427%23&amp;_version=1&amp;md5=077461d63d324b196b86cde02e5360f2</subfield>
    <subfield code="w">03702693%23113%23427%23&amp;_version=1&amp;md5=077461d63d324b196b86cde02e5360f2</subfield>
    <subfield code="y">SCIDIR</subfield>
  </datafield>
  <datafield tag="856" ind1="4" ind2=" ">
    <subfield code="u">http://durpdg.dur.ac.uk/cgi-hepdata/hepreac/905879</subfield>
    <subfield code="w">905879</subfield>
    <subfield code="y">DURHAM</subfield>
  </datafield>
  <datafield tag="710" ind1=" " ind2=" ">
    <subfield code="g">CELLO Collaboration</subfield>
  </datafield>
  <datafield tag="245" ind1=" " ind2=" ">
    <subfield code="a">AN ANALYSIS OF THE CHARGED AND NEUTRAL ENERGY FLOW IN e+ e- HADRONIC ANNIHILATION AT 34-GeV, AND A DETERMINATION OF THE QCD EFFECTIVE COUPLING CONSTANT</subfield>
  </datafield>
  <datafield tag="024" ind1="7" ind2=" ">
    <subfield code="2">DOI</subfield>
    <subfield code="a">10.1016/0370-2693(82)90778-X</subfield>
  </datafield>
  <datafield tag="100" ind1=" " ind2=" ">
    <subfield code="a">Behrend, H.J.</subfield>
    <subfield code="u">DESY</subfield>
  </datafield>
  <datafield tag="961" ind1=" " ind2=" ">
    <subfield code="x">1982-03</subfield>
  </datafield>
  <datafield tag="961" ind1=" " ind2=" ">
    <subfield code="c">2011-09-11</subfield>
  </datafield>
  <datafield tag="695" ind1=" " ind2=" ">
    <subfield code="2">INSPIRE</subfield>
    <subfield code="a">ELECTRON POSITRON: COLLIDING BEAMS</subfield>
  </datafield>
  <datafield tag="695" ind1=" " ind2=" ">
    <subfield code="2">INSPIRE</subfield>
    <subfield code="a">COLLIDING BEAMS: ELECTRON POSITRON</subfield>
  </datafield>
  <datafield tag="695" ind1=" " ind2=" ">
    <subfield code="2">INSPIRE</subfield>
    <subfield code="a">ELECTRON POSITRON: ANNIHILATION</subfield>
  </datafield>
  <datafield tag="695" ind1=" " ind2=" ">
    <subfield code="2">INSPIRE</subfield>
    <subfield code="a">ANNIHILATION: ELECTRON POSITRON</subfield>
  </datafield>
  <datafield tag="695" ind1=" " ind2=" ">
    <subfield code="2">INSPIRE</subfield>
    <subfield code="a">HADRON: MULTIPLE PRODUCTION</subfield>
  </datafield>
  <datafield tag="695" ind1=" " ind2=" ">
    <subfield code="2">INSPIRE</subfield>
    <subfield code="a">MULTIPLE PRODUCTION: HADRON</subfield>
  </datafield>
  <datafield tag="695" ind1=" " ind2=" ">
    <subfield code="2">INSPIRE</subfield>
    <subfield code="a">JET: ELECTROPRODUCTION</subfield>
  </datafield>
  <datafield tag="695" ind1=" " ind2=" ">
    <subfield code="2">INSPIRE</subfield>
    <subfield code="a">ELECTROPRODUCTION: JET</subfield>
  </datafield>
  <datafield tag="695" ind1=" " ind2=" ">
    <subfield code="2">INSPIRE</subfield>
    <subfield code="a">JET: ENERGY FLOW</subfield>
  </datafield>
  <datafield tag="695" ind1=" " ind2=" ">
    <subfield code="2">INSPIRE</subfield>
    <subfield code="a">NEUTRAL PARTICLE: ENERGY FLOW</subfield>
  </datafield>
  <datafield tag="695" ind1=" " ind2=" ">
    <subfield code="2">INSPIRE</subfield>
    <subfield code="a">CHARGED PARTICLE: ENERGY FLOW</subfield>
  </datafield>
  <datafield tag="695" ind1=" " ind2=" ">
    <subfield code="2">INSPIRE</subfield>
    <subfield code="a">COUPLING CONSTANT: STRONG INTERACTION</subfield>
  </datafield>
  <datafield tag="695" ind1=" " ind2=" ">
    <subfield code="2">INSPIRE</subfield>
    <subfield code="a">STRONG INTERACTION: COUPLING CONSTANT</subfield>
  </datafield>
  <datafield tag="695" ind1=" " ind2=" ">
    <subfield code="2">INSPIRE</subfield>
    <subfield code="a">ENERGY: (PHOTON)</subfield>
  </datafield>
  <datafield tag="695" ind1=" " ind2=" ">
    <subfield code="2">INSPIRE</subfield>
    <subfield code="a">JET: THRUST</subfield>
  </datafield>
  <datafield tag="695" ind1=" " ind2=" ">
    <subfield code="2">INSPIRE</subfield>
    <subfield code="a">CELLO</subfield>
  </datafield>
  <datafield tag="695" ind1=" " ind2=" ">
    <subfield code="2">INSPIRE</subfield>
    <subfield code="a">EXPERIMENTAL RESULTS</subfield>
  </datafield>
  <datafield tag="695" ind1=" " ind2=" ">
    <subfield code="2">INSPIRE</subfield>
    <subfield code="a">DESY PETRA STOR</subfield>
  </datafield>
  <datafield tag="695" ind1=" " ind2=" ">
    <subfield code="2">INSPIRE</subfield>
    <subfield code="a">ELECTRON POSITRON --> (N)HADRON</subfield>
  </datafield>
  <datafield tag="695" ind1=" " ind2=" ">
    <subfield code="2">INSPIRE</subfield>
    <subfield code="a">34.3 GEV-CMS</subfield>
  </datafield>
</record>