
<record>
<datafield tag="980" ind1=" " ind2=" ">
<subfield code="a">HEP</subfield>
</datafield>
<datafield tag="980" ind1=" " ind2=" ">
<subfield code="a">BOOK</subfield>
</datafield>
<datafield tag="035" ind1=" " ind2=" ">
<subfield code="9">INSPIRETeX</subfield>
<subfield code="a">Ferraro:2007yda</subfield>
</datafield>
<datafield tag="650" ind1="1" ind2="7">
<subfield code="2">INSPIRE</subfield>
<subfield code="a">General Physics</subfield>
</datafield>
<datafield tag="245" ind1=" " ind2=" ">
<subfield code="a">Einstein's Space-Time: An Introduction to Special and General Relativity</subfield>
</datafield>
<datafield tag="260" ind1=" " ind2=" ">
<subfield code="b">Springer</subfield>
<subfield code="c">2007</subfield>
</datafield>
<datafield tag="020" ind1=" " ind2=" ">
<subfield code="a">0387699465</subfield>
<subfield code="a">9780387699462</subfield>
</datafield>
<datafield tag="100" ind1=" " ind2=" ">
<subfield code="a">Ferraro, Rafael</subfield>
<subfield code="u">Buenos Aires, IAFE</subfield>
</datafield>
</record>