
<record>
<datafield tag="678" ind1="1" ind2=" ">
<subfield code="a">In October 2008, the laboratory was renamed SLAC National Accelerator Laboratory and before, its name was only SLAC (Stanford Linear Accelerator Center).</subfield>
</datafield>
<datafield tag="961" ind1=" " ind2=" ">
<subfield code="c">2011-01-21</subfield>
</datafield>
<datafield tag="961" ind1=" " ind2=" ">
<subfield code="x">1989-07-18</subfield>
</datafield>
<datafield tag="970" ind1=" " ind2=" ">
<subfield code="a">INST-6300</subfield>
</datafield>
<datafield tag="980" ind1=" " ind2=" ">
<subfield code="b">DOE</subfield>
<subfield code="b">HEP200</subfield>
<subfield code="b">LABLIST</subfield>
<subfield code="b">PDGLIST</subfield>
<subfield code="b">PPF</subfield>
<subfield code="b">SLUO</subfield>
<subfield code="b">TOP050</subfield>
<subfield code="b">TOP100</subfield>
<subfield code="b">TOP200</subfield>
<subfield code="b">TOP500</subfield>
<subfield code="b">WEB</subfield>
</datafield>
<datafield tag="980" ind1=" " ind2=" ">
<subfield code="a">INSTITUTION</subfield>
</datafield>
<datafield tag="980" ind1=" " ind2=" ">
<subfield code="a">CORE</subfield>
</datafield>
<datafield tag="690" ind1="C" ind2=" ">
<subfield code="a">CORE</subfield>
</datafield>
<datafield tag="856" ind1="4" ind2=" ">
<subfield code="u">http://www.slac.stanford.edu/</subfield>
</datafield>
<datafield tag="856" ind1="4" ind2=" ">
<subfield code="g">active</subfield>
<subfield code="u">https://twitter.com/SLACLab</subfield>
<subfield code="y">TWITTER</subfield>
</datafield>
<datafield tag="410" ind1=" " ind2=" ">
<subfield code="9">DESY_AFF</subfield>
<subfield code="a">SLAC STANFORD</subfield>
</datafield>
<datafield tag="410" ind1=" " ind2=" ">
<subfield code="g">nat., acc., lab.</subfield>
</datafield>
<datafield tag="410" ind1=" " ind2=" ">
<subfield code="9">DESY</subfield>
<subfield code="a">SLAC Stanford</subfield>
</datafield>
<datafield tag="110" ind1=" " ind2=" ">
<subfield code="a">SLAC National Accelerator Laboratory</subfield>
<subfield code="t">SLAC, California</subfield>
<subfield code="u">SLAC</subfield>
<subfield code="x">SIMES, Stanford</subfield>
<subfield code="x">SLAC, LCLS</subfield>
<subfield code="x">SLAC, PULSE</subfield>
</datafield>
<datafield tag="371" ind1=" " ind2=" ">
<subfield code="a">2575 Sand Hill Road</subfield>
<subfield code="a">Menlo Park, CA 94025-7090</subfield>
<subfield code="b">Menlo Park</subfield>
<subfield code="c">CA</subfield>
<subfield code="d">USA</subfield>
<subfield code="e">94025</subfield>
<subfield code="g">US</subfield>
</datafield>
<datafield tag="372" ind1=" " ind2=" ">
<subfield code="a">Research center</subfield>
</datafield>
<datafield tag="034" ind1=" " ind2=" ">
<subfield code="d">-122.204747</subfield>
<subfield code="f">37.418743</subfield>
</datafield>
</record>