
<record>
<datafield tag="980" ind1=" " ind2=" ">
<subfield code="a">CONFERENCES</subfield>
</datafield>
<datafield tag="711" ind1=" " ind2=" ">
<subfield code="a">Radiation Protection and Shielding Division</subfield>
<subfield code="b">Radiation Protection and Shielding Division</subfield>
</datafield>
<datafield tag="411" ind1=" " ind2=" ">
<subfield code="a">RPSD</subfield>
<subfield code="n">10</subfield>
</datafield>
<datafield tag="111" ind1=" " ind2=" ">
<subfield code="a">RPSD, IRD, BMD 2010 Joint Topical Meeting</subfield>
<subfield code="c">Las Vegas, Nevada, USA</subfield>
<subfield code="d">19-23 Apr 2010</subfield>
<subfield code="g">C10-04-19.5</subfield>
<subfield code="x">2010-04-19</subfield>
</datafield>
</record>