
<record>
  <datafield tag="856" ind1="4" ind2=" ">
    <subfield code="u">http://prst-per.aps.org/</subfield>
    <subfield code="w">Open Access</subfield>
  </datafield>
  <datafield tag="667" ind1=" " ind2=" ">
    <subfield code="x">Electronic journal starting 2005</subfield>
  </datafield>
  <datafield tag="980" ind1=" " ind2=" ">
    <subfield code="a">JOURNALS</subfield>
  </datafield>
  <datafield tag="711" ind1=" " ind2=" ">
    <subfield code="a">Phys.Rev.ST Phys.Educ.Res.</subfield>
  </datafield>
  <datafield tag="730" ind1=" " ind2=" ">
    <subfield code="a">PRSTPER</subfield>
  </datafield>
  <datafield tag="730" ind1=" " ind2=" ">
    <subfield code="a">Phys.Rev.STPER</subfield>
  </datafield>
  <datafield tag="643" ind1=" " ind2=" ">
    <subfield code="b">APS</subfield>
  </datafield>
  <datafield tag="130" ind1=" " ind2=" ">
    <subfield code="a">Physical Review Special Topics - Physics Education Research</subfield>
  </datafield>
  <datafield tag="030" ind1=" " ind2=" ">
    <subfield code="2">CODEN</subfield>
    <subfield code="a">PRSTE</subfield>
  </datafield>
</record>