
<record>
  <datafield tag="030" ind1=" " ind2=" ">
    <subfield code="2">CODEN</subfield>
    <subfield code="a">JPCRB</subfield>
  </datafield>
  <datafield tag="111" ind1=" " ind2=" ">
    <subfield code="a"></subfield>
    <subfield code="d"></subfield>
    <subfield code="x"></subfield>
    <subfield code="c"></subfield>
    <subfield code="g"></subfield>
  </datafield>
  <datafield tag="711" ind1=" " ind2=" ">
    <subfield code="a">J.Phys.Chem.Ref.Data</subfield>
  </datafield>
  <datafield tag="130" ind1=" " ind2=" ">
    <subfield code="a">Journal of Physical and Chemical Reference Data</subfield>
  </datafield>
  <datafield tag="730" ind1=" " ind2=" ">
    <subfield code="a">J.Chem.Phys.Ref.data</subfield>
  </datafield>
  <datafield tag="730" ind1=" " ind2=" ">
    <subfield code="a">J.Phys.Chem.Ref.Data</subfield>
  </datafield>
  <datafield tag="730" ind1=" " ind2=" ">
    <subfield code="a">J.Phys.Chem.Rev.Data</subfield>
  </datafield>
  <datafield tag="730" ind1=" " ind2=" ">
    <subfield code="a">Journal of Physical and Chemical Reference Data</subfield>
  </datafield>
  <datafield tag="730" ind1=" " ind2=" ">
    <subfield code="a">JPCRD</subfield>
  </datafield>
  <datafield tag="980" ind1=" " ind2=" ">
    <subfield code="a">JOURNALS</subfield>
  </datafield>
</record>