
<record>
  <datafield tag="980" ind1=" " ind2=" ">
    <subfield code="a">JOURNALS</subfield>
  </datafield>
  <datafield tag="711" ind1=" " ind2=" ">
    <subfield code="a">Rev.Mex.Fis.</subfield>
  </datafield>
  <datafield tag="730" ind1=" " ind2=" ">
    <subfield code="a">Rev. Mexicana Fisica</subfield>
  </datafield>
  <datafield tag="730" ind1=" " ind2=" ">
    <subfield code="a">Rev.Mex.deFisica</subfield>
  </datafield>
  <datafield tag="730" ind1=" " ind2=" ">
    <subfield code="a">Rev.Mex.F</subfield>
  </datafield>
  <datafield tag="730" ind1=" " ind2=" ">
    <subfield code="a">Rev.Mex.Fis.</subfield>
  </datafield>
  <datafield tag="730" ind1=" " ind2=" ">
    <subfield code="a">Rev.Mex.Fis.Suppl.</subfield>
  </datafield>
  <datafield tag="730" ind1=" " ind2=" ">
    <subfield code="a">Rev.Mex.Phys.</subfield>
  </datafield>
  <datafield tag="730" ind1=" " ind2=" ">
    <subfield code="a">Revista Mexicana de Fisica</subfield>
  </datafield>
  <datafield tag="730" ind1=" " ind2=" ">
    <subfield code="a">RevistaMexicanadeF</subfield>
  </datafield>
  <datafield tag="730" ind1=" " ind2=" ">
    <subfield code="a">RevistaMexicanadeFisica</subfield>
  </datafield>
  <datafield tag="730" ind1=" " ind2=" ">
    <subfield code="a">RevistaMexicanaFis.</subfield>
  </datafield>
  <datafield tag="130" ind1=" " ind2=" ">
    <subfield code="a">Revista Mexicana de Fisica</subfield>
  </datafield>
  <datafield tag="030" ind1=" " ind2=" ">
    <subfield code="2">CODEN</subfield>
    <subfield code="a">RMXFA</subfield>
  </datafield>
</record>