
<record>
  <datafield tag="690" ind1=" " ind2=" ">
    <subfield code="a">PEER-REVIEW</subfield>
  </datafield>
  <datafield tag="980" ind1=" " ind2=" ">
    <subfield code="a">JOURNALS</subfield>
  </datafield>
  <datafield tag="677" ind1=" " ind2=" ">
    <subfield code="x">SLAC gets all D and C electronically from AIP/APS. DESY looks at A&amp;B TOC, adds unmatch relevant papers??? The R on page numbers of rapid communications for Phys.Rev.C MUST be omitted. Otherwise the linkage and the citation search is corrupted. The page numbers are unique without the 'R'</subfield>
  </datafield>
  <datafield tag="711" ind1=" " ind2=" ">
    <subfield code="a">Phys.Rev.</subfield>
  </datafield>
  <datafield tag="730" ind1=" " ind2=" ">
    <subfield code="a">phis.Rev.</subfield>
  </datafield>
  <datafield tag="730" ind1=" " ind2=" ">
    <subfield code="a">phr</subfield>
  </datafield>
  <datafield tag="730" ind1=" " ind2=" ">
    <subfield code="a">phrv</subfield>
  </datafield>
  <datafield tag="730" ind1=" " ind2=" ">
    <subfield code="a">phrvd</subfield>
  </datafield>
  <datafield tag="730" ind1=" " ind2=" ">
    <subfield code="a">physrev</subfield>
  </datafield>
  <datafield tag="730" ind1=" " ind2=" ">
    <subfield code="a">Pays.Rev.</subfield>
  </datafield>
  <datafield tag="730" ind1=" " ind2=" ">
    <subfield code="a">Pfys.Rev.</subfield>
  </datafield>
  <datafield tag="730" ind1=" " ind2=" ">
    <subfield code="a">Phs.Rev.</subfield>
  </datafield>
  <datafield tag="730" ind1=" " ind2=" ">
    <subfield code="a">Phsy.Rev.</subfield>
  </datafield>
  <datafield tag="730" ind1=" " ind2=" ">
    <subfield code="a">Phus.Rev.</subfield>
  </datafield>
  <datafield tag="730" ind1=" " ind2=" ">
    <subfield code="a">Phy.Rev.</subfield>
  </datafield>
  <datafield tag="730" ind1=" " ind2=" ">
    <subfield code="a">Phye.Rev.</subfield>
  </datafield>
  <datafield tag="730" ind1=" " ind2=" ">
    <subfield code="a">Phys. Rev.</subfield>
  </datafield>
  <datafield tag="730" ind1=" " ind2=" ">
    <subfield code="a">Phys.Pev.</subfield>
  </datafield>
  <datafield tag="730" ind1=" " ind2=" ">
    <subfield code="a">Phys.Re.v</subfield>
  </datafield>
  <datafield tag="730" ind1=" " ind2=" ">
    <subfield code="a">Phys.Rec.</subfield>
  </datafield>
  <datafield tag="730" ind1=" " ind2=" ">
    <subfield code="a">Phys.Ref.</subfield>
  </datafield>
  <datafield tag="730" ind1=" " ind2=" ">
    <subfield code="a">Phys.Rev.</subfield>
  </datafield>
  <datafield tag="730" ind1=" " ind2=" ">
    <subfield code="a">Phys.Rev.(Ser.2)</subfield>
  </datafield>
  <datafield tag="730" ind1=" " ind2=" ">
    <subfield code="a">Phys.Rev.bf</subfield>
  </datafield>
  <datafield tag="730" ind1=" " ind2=" ">
    <subfield code="a">Phys.Rev.A</subfield>
  </datafield>
  <datafield tag="730" ind1=" " ind2=" ">
    <subfield code="a">Phys.Rev.B</subfield>
  </datafield>
  <datafield tag="730" ind1=" " ind2=" ">
    <subfield code="a">Phys.Rev.C</subfield>
  </datafield>
  <datafield tag="730" ind1=" " ind2=" ">
    <subfield code="a">Phys.Rev.D</subfield>
  </datafield>
  <datafield tag="730" ind1=" " ind2=" ">
    <subfield code="a">Phys.Rev.D(RapidCommuncation)</subfield>
  </datafield>
  <datafield tag="730" ind1=" " ind2=" ">
    <subfield code="a">Phys.Rev.E</subfield>
  </datafield>
  <datafield tag="730" ind1=" " ind2=" ">
    <subfield code="a">Phys.Rev.Phys.Rev.</subfield>
  </datafield>
  <datafield tag="730" ind1=" " ind2=" ">
    <subfield code="a">Phys.Rev.Rap.Comm.</subfield>
  </datafield>
  <datafield tag="730" ind1=" " ind2=" ">
    <subfield code="a">Phys.Rev.RapidComm.</subfield>
  </datafield>
  <datafield tag="730" ind1=" " ind2=" ">
    <subfield code="a">Phys.Review</subfield>
  </datafield>
  <datafield tag="730" ind1=" " ind2=" ">
    <subfield code="a">Phys.RevA</subfield>
  </datafield>
  <datafield tag="730" ind1=" " ind2=" ">
    <subfield code="a">Phys.Rew.</subfield>
  </datafield>
  <datafield tag="730" ind1=" " ind2=" ">
    <subfield code="a">Phys.Rv.</subfield>
  </datafield>
  <datafield tag="730" ind1=" " ind2=" ">
    <subfield code="a">Phys.Tev.</subfield>
  </datafield>
  <datafield tag="730" ind1=" " ind2=" ">
    <subfield code="a">Physc.Rev.</subfield>
  </datafield>
  <datafield tag="730" ind1=" " ind2=" ">
    <subfield code="a">Physical Review</subfield>
  </datafield>
  <datafield tag="730" ind1=" " ind2=" ">
    <subfield code="a">PhysicalRev.</subfield>
  </datafield>
  <datafield tag="730" ind1=" " ind2=" ">
    <subfield code="a">PhysicalReview</subfield>
  </datafield>
  <datafield tag="730" ind1=" " ind2=" ">
    <subfield code="a">PhysicsReview</subfield>
  </datafield>
  <datafield tag="730" ind1=" " ind2=" ">
    <subfield code="a">PhysRev</subfield>
  </datafield>
  <datafield tag="730" ind1=" " ind2=" ">
    <subfield code="a">PhysRevbf</subfield>
  </datafield>
  <datafield tag="730" ind1=" " ind2=" ">
    <subfield code="a">PhysRew</subfield>
  </datafield>
  <datafield tag="730" ind1=" " ind2=" ">
    <subfield code="a">Pyhs.Rev.</subfield>
  </datafield>
  <datafield tag="730" ind1=" " ind2=" ">
    <subfield code="a">Pys.Rev.</subfield>
  </datafield>
  <datafield tag="730" ind1=" " ind2=" ">
    <subfield code="a">PHRVB</subfield>
  </datafield>
  <datafield tag="730" ind1=" " ind2=" ">
    <subfield code="a">PHYS REV C</subfield>
  </datafield>
  <datafield tag="730" ind1=" " ind2=" ">
    <subfield code="a">PHYS. REV.</subfield>
  </datafield>
  <datafield tag="730" ind1=" " ind2=" ">
    <subfield code="a">PR</subfield>
  </datafield>
  <datafield tag="730" ind1=" " ind2=" ">
    <subfield code="a">PRD</subfield>
  </datafield>
  <datafield tag="730" ind1=" " ind2=" ">
    <subfield code="a">Rhys.Rev.</subfield>
  </datafield>
  <datafield tag="730" ind1=" " ind2=" ">
    <subfield code="a">Ph. Rv. D.</subfield>
  </datafield>
  <datafield tag="730" ind1=" " ind2=" ">
    <subfield code="a">Ph. Rv. D</subfield>
  </datafield>
  <datafield tag="730" ind1=" " ind2=" ">
    <subfield code="a">Ph Rv D</subfield>
  </datafield>
  <datafield tag="730" ind1=" " ind2=" ">
    <subfield code="a">\em Phys. Rev.</subfield>
  </datafield>
  <datafield tag="730" ind1=" " ind2=" ">
    <subfield code="a">\jn \PhR</subfield>
  </datafield>
  <datafield tag="730" ind1=" " ind2=" ">
    <subfield code="a">\journal Phys. Rev</subfield>
  </datafield>
  <datafield tag="730" ind1=" " ind2=" ">
    <subfield code="a">\phr</subfield>
  </datafield>
  <datafield tag="730" ind1=" " ind2=" ">
    <subfield code="a">\phyrv</subfield>
  </datafield>
  <datafield tag="730" ind1=" " ind2=" ">
    <subfield code="a">\physrd</subfield>
  </datafield>
  <datafield tag="730" ind1=" " ind2=" ">
    <subfield code="a">\physrev</subfield>
  </datafield>
  <datafield tag="730" ind1=" " ind2=" ">
    <subfield code="a">\pr</subfield>
  </datafield>
  <datafield tag="730" ind1=" " ind2=" ">
    <subfield code="a">\pr D</subfield>
  </datafield>
  <datafield tag="730" ind1=" " ind2=" ">
    <subfield code="a">\prev</subfield>
  </datafield>
  <datafield tag="730" ind1=" " ind2=" ">
    <subfield code="a">\prv</subfield>
  </datafield>
  <datafield tag="730" ind1=" " ind2=" ">
    <subfield code="a">\sl Phy. Rev.</subfield>
  </datafield>
  <datafield tag="730" ind1=" " ind2=" ">
    <subfield code="a">\Journal PR</subfield>
  </datafield>
  <datafield tag="730" ind1=" " ind2=" ">
    <subfield code="a">\PPR</subfield>
  </datafield>
  <datafield tag="730" ind1=" " ind2=" ">
    <subfield code="a">\PPRD</subfield>
  </datafield>
  <datafield tag="730" ind1=" " ind2=" ">
    <subfield code="a">\PR</subfield>
  </datafield>
  <datafield tag="730" ind1=" " ind2=" ">
    <subfield code="a">\PRe</subfield>
  </datafield>
  <datafield tag="643" ind1=" " ind2=" ">
    <subfield code="b">APS</subfield>
  </datafield>
  <datafield tag="130" ind1=" " ind2=" ">
    <subfield code="a">Physical Review</subfield>
  </datafield>
  <datafield tag="030" ind1=" " ind2=" ">
    <subfield code="2">CODEN</subfield>
    <subfield code="a">PHRVA</subfield>
  </datafield>
  <datafield tag="856" ind1="4" ind2=" ">
    <subfield code="u">http://pra.aps.org</subfield>
    <subfield code="w">A</subfield>
  </datafield>
  <datafield tag="856" ind1="4" ind2=" ">
    <subfield code="u">http://prb.aps.org</subfield>
    <subfield code="w">B</subfield>
  </datafield>
  <datafield tag="856" ind1="4" ind2=" ">
    <subfield code="u">http://prc.aps.org</subfield>
    <subfield code="w">C</subfield>
  </datafield>
  <datafield tag="856" ind1="4" ind2=" ">
    <subfield code="u">http://prd.aps.org</subfield>
    <subfield code="w">D</subfield>
  </datafield>
  <datafield tag="856" ind1="4" ind2=" ">
    <subfield code="u">http://pre.aps.org</subfield>
    <subfield code="w">E</subfield>
  </datafield>
  <datafield tag="856" ind1="4" ind2=" ">
    <subfield code="u">http://prola.aps.org</subfield>
    <subfield code="w">Archive</subfield>
  </datafield>
</record>