
<record>
  <datafield tag="030" ind1=" " ind2=" ">
    <subfield code="2">CODEN</subfield>
    <subfield code="a">PRSTA</subfield>
  </datafield>
  <datafield tag="111" ind1=" " ind2=" ">
    <subfield code="a"></subfield>
    <subfield code="d"></subfield>
    <subfield code="x"></subfield>
    <subfield code="c"></subfield>
    <subfield code="g"></subfield>
  </datafield>
  <datafield tag="711" ind1=" " ind2=" ">
    <subfield code="a">Phys.Rev.ST Accel.Beams</subfield>
  </datafield>
  <datafield tag="130" ind1=" " ind2=" ">
    <subfield code="a">Physical Review Special Topics - Accelerators and Beams</subfield>
  </datafield>
  <datafield tag="667" ind1=" " ind2=" ">
    <subfield code="x">Electronic journal starting 1998, First Editor, R. Siemann, SLAC, PRSTA may be a temporary coden...was numeric 00209 for a while, see lxa for details.</subfield>
  </datafield>
  <datafield tag="677" ind1=" " ind2=" ">
    <subfield code="x">DESY checks completely per AH, 5/02</subfield>
  </datafield>
  <datafield tag="856" ind1="4" ind2=" ">
    <subfield code="w">Open Access</subfield>
    <subfield code="u">http://prst-ab.aps.org/</subfield>
  </datafield>
  <datafield tag="643" ind1=" " ind2=" ">
    <subfield code="b">APS</subfield>
  </datafield>
  <datafield tag="730" ind1=" " ind2=" ">
    <subfield code="a">Phys. Rev. SP AB</subfield>
  </datafield>
  <datafield tag="730" ind1=" " ind2=" ">
    <subfield code="a">Phys. Rev. ST</subfield>
  </datafield>
  <datafield tag="730" ind1=" " ind2=" ">
    <subfield code="a">Phys. Rev. STAccel. Beams</subfield>
  </datafield>
  <datafield tag="730" ind1=" " ind2=" ">
    <subfield code="a">Phys.Rev.ST</subfield>
  </datafield>
  <datafield tag="730" ind1=" " ind2=" ">
    <subfield code="a">Phys.Rev.STAB</subfield>
  </datafield>
  <datafield tag="730" ind1=" " ind2=" ">
    <subfield code="a">Physical Review Special Topics - Accelerators Beams</subfield>
  </datafield>
  <datafield tag="730" ind1=" " ind2=" ">
    <subfield code="a">PHYS REV ST ACCEL BEAMS</subfield>
  </datafield>
  <datafield tag="730" ind1=" " ind2=" ">
    <subfield code="a">PHYS. REV. ST AB</subfield>
  </datafield>
  <datafield tag="730" ind1=" " ind2=" ">
    <subfield code="a">PHYSICS REVIEW ST ACCEL BEAMS</subfield>
  </datafield>
  <datafield tag="730" ind1=" " ind2=" ">
    <subfield code="a">PRSTAB</subfield>
  </datafield>
  <datafield tag="980" ind1=" " ind2=" ">
    <subfield code="a">JOURNALS</subfield>
  </datafield>
</record>