
<record>
<datafield tag="970" ind1=" " ind2=" ">
<subfield code="a">SPIRES-9856005</subfield>
</datafield>
<datafield tag="100" ind1=" " ind2=" ">
<subfield code="a">Serra, Javi</subfield>
<subfield code="u">Barcelona, Autonoma U.</subfield>
<subfield code="u">CERN</subfield>
</datafield>
<datafield tag="856" ind1="4" ind2=" ">
<subfield code="u">http://inspirehep.net/record/1203214/files/blois.pdf</subfield>
</datafield>
<datafield tag="856" ind1="4" ind2=" ">
<subfield code="u">http://inspirehep.net/record/1203214/files/blois.pdf?subformat=pdfa</subfield>
<subfield code="x">pdfa</subfield>
</datafield>
<datafield tag="650" ind1="1" ind2="7">
<subfield code="a">Phenomenology-HEP</subfield>
<subfield code="2">INSPIRE</subfield>
</datafield>
<datafield tag="690" ind1="C" ind2=" ">
<subfield code="a">Conference Paper</subfield>
<subfield code="2">INSPIRE</subfield>
</datafield>
<datafield tag="773" ind1=" " ind2=" ">
<subfield code="w">C11-05-29</subfield>
</datafield>
<datafield tag="245" ind1=" " ind2=" ">
<subfield code="a">A composite top: motivations and signals</subfield>
</datafield>
<datafield tag="300" ind1=" " ind2=" ">
<subfield code="a">4</subfield>
</datafield>
<datafield tag="035" ind1=" " ind2=" ">
<subfield code="z">Serra:2012cr</subfield>
<subfield code="9">SPIRESTeX</subfield>
</datafield>
<datafield tag="980" ind1=" " ind2=" ">
<subfield code="a">ConferencePaper</subfield>
</datafield>
<datafield tag="980" ind1=" " ind2=" ">
<subfield code="a">CORE</subfield>
</datafield>
<datafield tag="980" ind1=" " ind2=" ">
<subfield code="a">HEP</subfield>
</datafield>
<datafield tag="999" ind1="C" ind2="5">
<subfield code="h">S. Weinberg</subfield>
<subfield code="o">1</subfield>
<subfield code="s">Phys.Rev.,D13,974</subfield>
<subfield code="y">1976</subfield>
</datafield>
<datafield tag="999" ind1="C" ind2="5">
<subfield code="h">L. Susskind</subfield>
<subfield code="o">1</subfield>
<subfield code="s">Phys.Rev.,D20,2619</subfield>
<subfield code="y">1979</subfield>
</datafield>
<datafield tag="999" ind1="C" ind2="5">
<subfield code="h">D. B. Kaplan and H. Georgi</subfield>
<subfield code="o">2</subfield>
<subfield code="s">Phys.Lett.,B136,183</subfield>
<subfield code="y">1984</subfield>
</datafield>
<datafield tag="999" ind1="C" ind2="5">
<subfield code="h">C. T. Hill</subfield>
<subfield code="o">3</subfield>
<subfield code="s">Phys.Lett.,B266,419</subfield>
<subfield code="y">1991</subfield>
</datafield>
<datafield tag="999" ind1="C" ind2="5">
<subfield code="h">Y. Nomura</subfield>
<subfield code="o">4</subfield>
<subfield code="s">JHEP,0311,050</subfield>
<subfield code="y">2003</subfield>
</datafield>
<datafield tag="999" ind1="C" ind2="5">
<subfield code="h">R. Contino, Y. Nomura and A. Pomarol</subfield>
<subfield code="o">4</subfield>
<subfield code="s">Nucl.Phys.,B671,148</subfield>
<subfield code="y">2003</subfield>
</datafield>
<datafield tag="999" ind1="C" ind2="5">
<subfield code="h">C. Csaki et al.</subfield>
<subfield code="o">4</subfield>
<subfield code="s">Phys.Rev.Lett.,92,101802</subfield>
<subfield code="y">2004</subfield>
</datafield>
<datafield tag="999" ind1="C" ind2="5">
<subfield code="h">K. Agashe, R. Contino and A. Pomarol</subfield>
<subfield code="o">5</subfield>
<subfield code="s">Nucl.Phys.,B719,165</subfield>
<subfield code="y">2005</subfield>
</datafield>
<datafield tag="999" ind1="C" ind2="5">
<subfield code="h">J. Mrazek et al.</subfield>
<subfield code="o">5</subfield>
<subfield code="s">Nucl.Phys.,B853,1</subfield>
<subfield code="y">2011</subfield>
</datafield>
<datafield tag="999" ind1="C" ind2="5">
<subfield code="h">R. Barbieri et al.</subfield>
<subfield code="o">6</subfield>
<subfield code="s">Nucl.Phys.,B703,127</subfield>
<subfield code="y">2004</subfield>
</datafield>
<datafield tag="999" ind1="C" ind2="5">
<subfield code="h">P. Sikivie et al.</subfield>
<subfield code="o">7</subfield>
<subfield code="s">Nucl.Phys.,B173,189</subfield>
<subfield code="y">1980</subfield>
</datafield>
<datafield tag="999" ind1="C" ind2="5">
<subfield code="h">K. Agashe et al.</subfield>
<subfield code="o">8</subfield>
<subfield code="s">Phys.Lett.,B641,62</subfield>
<subfield code="y">2006</subfield>
</datafield>
<datafield tag="999" ind1="C" ind2="5">
<subfield code="h">A. Pomarol and J. Serra</subfield>
<subfield code="o">9</subfield>
<subfield code="s">Phys.Rev.,D78,074026</subfield>
<subfield code="y">2008</subfield>
</datafield>
<datafield tag="999" ind1="C" ind2="5">
<subfield code="h">K. Agashe, R. Contino and R. Sundrum</subfield>
<subfield code="o">10</subfield>
<subfield code="s">Phys.Rev.Lett.,95,171804</subfield>
<subfield code="y">2005</subfield>
</datafield>
<datafield tag="999" ind1="C" ind2="5">
<subfield code="h">M. Frigerio, J. Serra, A. Varagnolo</subfield>
<subfield code="o">10</subfield>
<subfield code="s">JHEP,1106,029</subfield>
<subfield code="y">2011</subfield>
</datafield>
<datafield tag="999" ind1="C" ind2="5">
<subfield code="h">G. F. Giudice et al.</subfield>
<subfield code="o">11</subfield>
<subfield code="s">JHEP,0706,045</subfield>
<subfield code="y">2007</subfield>
</datafield>
<datafield tag="999" ind1="C" ind2="5">
<subfield code="h">J. A. Aguilar-Saavedra, N. F. Castro and A. Onofre</subfield>
<subfield code="o">12</subfield>
<subfield code="s">Phys.Rev.,D83,117301</subfield>
<subfield code="y">2011</subfield>
</datafield>
<datafield tag="999" ind1="C" ind2="5">
<subfield code="h">G. Weiglein et al.</subfield>
<subfield code="o">13</subfield>
<subfield code="s">Phys.Rept.,426,47</subfield>
<subfield code="y">2006</subfield>
</datafield>
<datafield tag="999" ind1="C" ind2="5">
<subfield code="h">J. A. Aguilar-Saavedra et al.</subfield>
<subfield code="m">ECFA/DESY LC Physics Working Group</subfield>
<subfield code="o">14</subfield>
</datafield>
<datafield tag="999" ind1="C" ind2="5">
<subfield code="h">K. Kumar, T. M. P. Tait, R. Vega-Morales</subfield>
<subfield code="o">15</subfield>
<subfield code="s">JHEP,0905,022</subfield>
<subfield code="y">2009</subfield>
</datafield>
<datafield tag="999" ind1="C" ind2="5">
<subfield code="h">S. Jung and J. D. Wells</subfield>
<subfield code="o">15</subfield>
<subfield code="s">JHEP,1011,001</subfield>
<subfield code="y">2010</subfield>
</datafield>
<datafield tag="999" ind1="C" ind2="6">
<subfield code="a">0-0-2-2-0-0-0</subfield>
<subfield code="t">2012-11-21 14:12:01</subfield>
<subfield code="v">Invenio/1.0.0.1200-3a901 refextract/1.5.11</subfield>
</datafield>
<datafield tag="269" ind1=" " ind2=" ">
<subfield code="c">2012-07</subfield>
</datafield>
<datafield tag="961" ind1=" " ind2=" ">
<subfield code="x">2012-11-19</subfield>
</datafield>
<datafield tag="961" ind1=" " ind2=" ">
<subfield code="c">2012-11-28</subfield>
</datafield>
</record>