
<record>
<datafield tag="980" ind1=" " ind2=" ">
<subfield code="a">ConferencePaper</subfield>
</datafield>
<datafield tag="980" ind1=" " ind2=" ">
<subfield code="a">citeable</subfield>
</datafield>
<datafield tag="980" ind1=" " ind2=" ">
<subfield code="a">NONCORE</subfield>
</datafield>
<datafield tag="980" ind1=" " ind2=" ">
<subfield code="a">HEP</subfield>
</datafield>
<datafield tag="700" ind1=" " ind2=" ">
<subfield code="a">Holt, Jason D.</subfield>
<subfield code="u">SUNY, Stony Brook</subfield>
</datafield>
<datafield tag="700" ind1=" " ind2=" ">
<subfield code="a">Holt, Jeremy W.</subfield>
<subfield code="u">SUNY, Stony Brook</subfield>
</datafield>
<datafield tag="700" ind1=" " ind2=" ">
<subfield code="a">Brown, G.E.</subfield>
<subfield code="u">SUNY, Stony Brook</subfield>
</datafield>
<datafield tag="700" ind1=" " ind2=" ">
<subfield code="a">Bogner, S.K.</subfield>
<subfield code="u">Ohio State U.</subfield>
</datafield>
<datafield tag="269" ind1=" " ind2=" ">
<subfield code="c">2005</subfield>
</datafield>
<datafield tag="520" ind1=" " ind2=" ">
<subfield code="a">The Kirson-Babu-Brown (KBB) induced interaction approach is applied to the derivation of the sd-shell nucleon effective interactions. We start from a low-momentum NN interaction Vlowk obtained by integrating out the high-momentum components of modern realistic NN potentials beyond a decimation momentum . Then a large class of core polarization diagrams are summed up to all orders by way of the KBB self-consistent equations. It is found that the solution of these equations is simplified by the use of Vlowk, which is energy independent, and by treating them in terms of the Greens fuctions in the particle-particle and the particle-hole channels. The effective interactions calculated with the all-order KBB core polarizations and those with the polarization in second-order perturbation theory are found to be rather similar to each other, typical difference between them being less than 10%.</subfield>
</datafield>
<datafield tag="650" ind1="1" ind2="7">
<subfield code="a">Theory-Nucl</subfield>
<subfield code="2">INSPIRE</subfield>
</datafield>
<datafield tag="773" ind1=" " ind2=" ">
<subfield code="c">1-6</subfield>
<subfield code="p">J.Phys.Conf.Ser.</subfield>
<subfield code="v">20</subfield>
<subfield code="y">2005</subfield>
</datafield>
<datafield tag="300" ind1=" " ind2=" ">
<subfield code="a">6</subfield>
</datafield>
<datafield tag="999" ind1="C" ind2="5">
<subfield code="0">680756</subfield>
<subfield code="h">Jason D. Holt, Jeremy W. Holt, T.T.S. Kuo, G.E. Brown and S. K. Bogner</subfield>
<subfield code="o">1</subfield>
<subfield code="r">nucl-th/0504058</subfield>
</datafield>
<datafield tag="999" ind1="C" ind2="5">
<subfield code="h">M. W. Kirson</subfield>
<subfield code="o">2</subfield>
<subfield code="s">Annals Phys.,66,624</subfield>
<subfield code="y">1971</subfield>
</datafield>
<datafield tag="999" ind1="C" ind2="5">
<subfield code="h">M. W. Kirson</subfield>
<subfield code="o">2</subfield>
<subfield code="s">Annals Phys.,68,556</subfield>
<subfield code="y">1971</subfield>
</datafield>
<datafield tag="999" ind1="C" ind2="5">
<subfield code="h">M. W. Kirson</subfield>
<subfield code="o">2</subfield>
<subfield code="s">Annals Phys.,82,345</subfield>
<subfield code="y">1974</subfield>
</datafield>
<datafield tag="999" ind1="C" ind2="5">
<subfield code="h">S. Babu and G. E. Brown</subfield>
<subfield code="o">3</subfield>
<subfield code="s">Annals Phys.,78,1</subfield>
<subfield code="y">1973</subfield>
</datafield>
<datafield tag="999" ind1="C" ind2="5">
<subfield code="h">G. E. Brown Unified</subfield>
<subfield code="m">Theory of Nuclear Models and Forces Amsterdam (1971)</subfield>
<subfield code="o">4</subfield>
<subfield code="p">North-Holland</subfield>
</datafield>
<datafield tag="999" ind1="C" ind2="5">
<subfield code="h">H. Horei</subfield>
<subfield code="m">and Akito Arima</subfield>
<subfield code="o">5</subfield>
<subfield code="s">Phys.Rev.,99,778</subfield>
<subfield code="y">1955</subfield>
</datafield>
<datafield tag="999" ind1="C" ind2="5">
<subfield code="h">G. F. Bertsch</subfield>
<subfield code="o">6</subfield>
<subfield code="s">Nucl.Phys.,74,234</subfield>
<subfield code="y">1965</subfield>
</datafield>
<datafield tag="999" ind1="C" ind2="5">
<subfield code="0">50933</subfield>
<subfield code="h">T. T. S. Kuo and G. E. Brown</subfield>
<subfield code="o">7</subfield>
<subfield code="s">Nucl.Phys.,85,40</subfield>
<subfield code="y">1966</subfield>
</datafield>
<datafield tag="999" ind1="C" ind2="5">
<subfield code="0">596097</subfield>
<subfield code="h">A. P. Zuker</subfield>
<subfield code="o">8</subfield>
<subfield code="s">Phys.Rev.Lett.,90,042502</subfield>
<subfield code="y">2003</subfield>
</datafield>
<datafield tag="999" ind1="C" ind2="5">
<subfield code="h">T. T. S. Kuo and E. Osnes</subfield>
<subfield code="m">Lecture Notes of Physics, Vol. 364 (1990)</subfield>
<subfield code="o">9</subfield>
<subfield code="p">Springer</subfield>
</datafield>
<datafield tag="999" ind1="C" ind2="5">
<subfield code="9">CURATOR</subfield>
<subfield code="h">M. Hjorth-Jensen, T. T. S. Kuo, and E. Osnes</subfield>
<subfield code="m">and references therein</subfield>
<subfield code="o">10</subfield>
<subfield code="s">Phys.Rept.,261,125</subfield>
<subfield code="y">1995</subfield>
</datafield>
<datafield tag="999" ind1="C" ind2="5">
<subfield code="h">B. R. Barrett and M. W. Kirson</subfield>
<subfield code="o">11</subfield>
<subfield code="s">Nucl.Phys.,A148,145</subfield>
<subfield code="y">1970</subfield>
</datafield>
<datafield tag="999" ind1="C" ind2="5">
<subfield code="h">D. W. L. Sprung and A. M. Jopko</subfield>
<subfield code="o">12</subfield>
<subfield code="s">Can.J.Phys.,50,2768</subfield>
<subfield code="y">1972</subfield>
</datafield>
<datafield tag="999" ind1="C" ind2="5">
<subfield code="h">O. Sjberg</subfield>
<subfield code="o">13</subfield>
<subfield code="s">Annals Phys.,78,39</subfield>
<subfield code="y">1973</subfield>
</datafield>
<datafield tag="999" ind1="C" ind2="5">
<subfield code="h">A. Jackson, A. Lande, and R. A. Smith</subfield>
<subfield code="o">14</subfield>
<subfield code="s">Phys.Rept.,86,55</subfield>
<subfield code="y">1982</subfield>
</datafield>
<datafield tag="999" ind1="C" ind2="5">
<subfield code="0">352186</subfield>
<subfield code="h">A. Lande and R. A. Smith</subfield>
<subfield code="o">14</subfield>
<subfield code="s">Phys.Rev.,A45,913</subfield>
<subfield code="y">1992</subfield>
</datafield>
<datafield tag="999" ind1="C" ind2="5">
<subfield code="0">88361</subfield>
<subfield code="h">J. P. Vary, P. U. Sauer, and C. W. Wong</subfield>
<subfield code="o">15</subfield>
<subfield code="s">Phys.Rev.,C7,1776</subfield>
<subfield code="y">1973</subfield>
</datafield>
<datafield tag="999" ind1="C" ind2="5">
<subfield code="0">585909</subfield>
<subfield code="h">S. K. Bogner, T. T. S. Kuo, L. Coraggio, A. Covello, and N. Itaco</subfield>
<subfield code="m">R) (2002)</subfield>
<subfield code="o">16</subfield>
<subfield code="s">Phys.Rev.,C65,051301</subfield>
</datafield>
<datafield tag="999" ind1="C" ind2="5">
<subfield code="0">594520</subfield>
<subfield code="h">T. T. S. Kuo, S. K. Bogner, and L. Coraggio</subfield>
<subfield code="o">17</subfield>
<subfield code="s">Nucl.Phys.,A704,107c</subfield>
<subfield code="y">2002</subfield>
</datafield>
<datafield tag="999" ind1="C" ind2="5">
<subfield code="0">588228</subfield>
<subfield code="h">L. Coraggio, A. Covello, A. Gargano, N. Itaco, T. T. S. Kuo, D. R. Entem, and R. Machleidt</subfield>
<subfield code="m">R) (2002)</subfield>
<subfield code="o">18</subfield>
<subfield code="s">Phys.Rev.,C66,021303</subfield>
</datafield>
<datafield tag="999" ind1="C" ind2="5">
<subfield code="0">591560</subfield>
<subfield code="h">L. Coraggio, A. Covello, A. Gargano, N. Itaco, and T. T. S. Kuo</subfield>
<subfield code="o">19</subfield>
<subfield code="s">Phys.Rev.,C66,064311</subfield>
<subfield code="y">2002</subfield>
</datafield>
<datafield tag="999" ind1="C" ind2="5">
<subfield code="0">618744</subfield>
<subfield code="h">S. K. Bogner, T. T. S. Kuo, and A. Schwenk</subfield>
<subfield code="o">20</subfield>
<subfield code="s">Phys.Rept.,386,1</subfield>
<subfield code="y">2003</subfield>
</datafield>
<datafield tag="999" ind1="C" ind2="5">
<subfield code="0">625817</subfield>
<subfield code="h">J. D. Holt, T. T. S. Kuo, G. E. Brown, and S. K. Bogner</subfield>
<subfield code="o">21</subfield>
<subfield code="s">Nucl.Phys.,A733,153</subfield>
<subfield code="y">2004</subfield>
</datafield>
<datafield tag="999" ind1="C" ind2="5">
<subfield code="0">631572</subfield>
<subfield code="h">J. D. Holt, T. T. S. Kuo, and G. E. Brown</subfield>
<subfield code="o">22</subfield>
<subfield code="s">Phys.Rev.,C69,034329</subfield>
<subfield code="y">2004</subfield>
</datafield>
<datafield tag="999" ind1="C" ind2="5">
<subfield code="0">128931</subfield>
<subfield code="h">P. J. Ellis and E. Osnes</subfield>
<subfield code="o">23</subfield>
<subfield code="s">Rev.Mod.Phys.,49,777</subfield>
<subfield code="y">1977</subfield>
</datafield>
<datafield tag="999" ind1="C" ind2="5">
<subfield code="0">528472</subfield>
<subfield code="h">R. Machleidt</subfield>
<subfield code="o">24</subfield>
<subfield code="s">Phys.Rev.,C63,024001</subfield>
<subfield code="y">2001</subfield>
</datafield>
<datafield tag="999" ind1="C" ind2="5">
<subfield code="0">375634</subfield>
<subfield code="h">R. B. Wiringa, V. G. J. Stoks, and R. Schiavilla</subfield>
<subfield code="o">25</subfield>
<subfield code="s">Phys.Rev.,C51,38</subfield>
<subfield code="y">1995</subfield>
</datafield>
<datafield tag="999" ind1="C" ind2="5">
<subfield code="0">38435</subfield>
<subfield code="h">V. G. J. Stoks, R. Klomp, C. Terheggen, and J. de Schwart</subfield>
<subfield code="o">26</subfield>
<subfield code="s">Phys.Rev.,C49,2950</subfield>
<subfield code="y">1994</subfield>
</datafield>
<datafield tag="999" ind1="C" ind2="5">
<subfield code="0">528472</subfield>
<subfield code="h">R. Machleidt</subfield>
<subfield code="o">27</subfield>
<subfield code="s">Phys.Rev.,C63,024001</subfield>
<subfield code="y">2001</subfield>
</datafield>
<datafield tag="999" ind1="C" ind2="5">
<subfield code="0">444292</subfield>
<subfield code="o">28</subfield>
<subfield code="r">nucl-th/9706029</subfield>
</datafield>
<datafield tag="999" ind1="C" ind2="5">
<subfield code="h">(P. Bedaque et al. (eds.))</subfield>
<subfield code="m">Nuclear Physics with Effective Field Theory II, (1999) Press. 6</subfield>
<subfield code="o">29</subfield>
<subfield code="p">World Scientific</subfield>
</datafield>
<datafield tag="999" ind1="C" ind2="6">
<subfield code="a">0-0-0-1-0-0-1</subfield>
<subfield code="t">2013-07-18 19:14:10</subfield>
<subfield code="v">Invenio/1.0.0.1712-3d18 refextract/1.5.36</subfield>
</datafield>
<datafield tag="245" ind1=" " ind2=" ">
<subfield code="a">Kirson-Babu-Brown core polarization diagrams and low-momentum shell model effective interactions</subfield>
</datafield>
<datafield tag="024" ind1="7" ind2=" ">
<subfield code="2">DOI</subfield>
<subfield code="a">10.1088/1742-6596/20/1/001</subfield>
</datafield>
<datafield tag="035" ind1=" " ind2=" ">
<subfield code="a">Kuo:2005tfa</subfield>
<subfield code="9">INSPIRETeX</subfield>
</datafield>
<datafield tag="100" ind1=" " ind2=" ">
<subfield code="a">Kuo, T.T.S.</subfield>
<subfield code="u">SUNY, Stony Brook</subfield>
</datafield>
</record>