
<record>
<datafield tag="970" ind1=" " ind2=" ">
<subfield code="a">SPIRES-9376852</subfield>
</datafield>
<datafield tag="980" ind1=" " ind2=" ">
<subfield code="a">arXiv</subfield>
</datafield>
<datafield tag="980" ind1=" " ind2=" ">
<subfield code="a">Citeable</subfield>
</datafield>
<datafield tag="980" ind1=" " ind2=" ">
<subfield code="a">HEP</subfield>
</datafield>
<datafield tag="100" ind1=" " ind2=" ">
<subfield code="a">Duval, C.</subfield>
<subfield code="u">Marseille, CPT</subfield>
</datafield>
<datafield tag="700" ind1=" " ind2=" ">
<subfield code="a">Horvathy, P.A.</subfield>
<subfield code="u">Lanzhou, Inst. Modern Phys.</subfield>
<subfield code="u">Tours U., CNRS</subfield>
</datafield>
<datafield tag="700" ind1=" " ind2=" ">
<subfield code="a">Zhang, P.M.</subfield>
<subfield code="u">Lanzhou, Inst. Modern Phys.</subfield>
</datafield>
<datafield tag="856" ind1="4" ind2=" ">
<subfield code="u">http://inspirehep.net/record/1089137/files/arXiv%3A1202.2430.pdf</subfield>
</datafield>
<datafield tag="650" ind1="1" ind2="7">
<subfield code="a">Math and Math Physics</subfield>
<subfield code="2">INSPIRE</subfield>
</datafield>
<datafield tag="650" ind1="1" ind2="7">
<subfield code="a">General Physics</subfield>
<subfield code="2">INSPIRE</subfield>
</datafield>
<datafield tag="650" ind1="1" ind2="7">
<subfield code="a">Theory-HEP</subfield>
<subfield code="2">INSPIRE</subfield>
</datafield>
<datafield tag="520" ind1=" " ind2=" ">
<subfield code="a">The paraxial approximation of a classical spinning photon is shown to yield an 'exotic particle' in the plane transverse to the propagation. The previously proposed and observed position shift between media with different refractive indices is modified when the interface is curved, and there also appears a novel, momentum [direction] shift. The laws of thin lenses are modified accordingly.</subfield>
<subfield code="9">arXiv</subfield>
</datafield>
<datafield tag="037" ind1=" " ind2=" ">
<subfield code="a">arXiv:1202.2430</subfield>
<subfield code="9">arXiv</subfield>
<subfield code="c">physics.optics</subfield>
</datafield>
<datafield tag="035" ind1=" " ind2=" ">
<subfield code="a">oai:arXiv.org:1202.2430</subfield>
<subfield code="z">oai:arXiv.org:1202.2430</subfield>
<subfield code="9">arXiv</subfield>
</datafield>
<datafield tag="245" ind1=" " ind2=" ">
<subfield code="a">Transverse Shifts in Paraxial Spinoptics</subfield>
</datafield>
<datafield tag="300" ind1=" " ind2=" ">
<subfield code="a">3</subfield>
</datafield>
<datafield tag="500" ind1=" " ind2=" ">
<subfield code="a">3 pages, no figures. One detail clarified, some misprints corrected and references added</subfield>
<subfield code="9">arXiv</subfield>
</datafield>
<datafield tag="246" ind1=" " ind2=" ">
<subfield code="a">Transverse Shifts in Paraxial Spinoptics</subfield>
<subfield code="9">arXiv</subfield>
</datafield>
<datafield tag="035" ind1=" " ind2=" ">
<subfield code="z">Duval:2012ye</subfield>
<subfield code="9">SPIRESTeX</subfield>
</datafield>
<datafield tag="999" ind1="C" ind2="5">
<subfield code="s">Dokl.Akad.Nauk Ser.Fiz.,18,263</subfield>
</datafield>
<datafield tag="999" ind1="C" ind2="5">
<subfield code="s">Dokl.Akad.Nauk Ser.Fiz.,31,222</subfield>
</datafield>
<datafield tag="999" ind1="C" ind2="5">
<subfield code="s">Phys.Rev.Lett.,57,933</subfield>
</datafield>
<datafield tag="999" ind1="C" ind2="5">
<subfield code="s">Phys.Rev.Lett.,57,937</subfield>
</datafield>
<datafield tag="999" ind1="C" ind2="5">
<subfield code="s">JETP Lett.,79,519</subfield>
</datafield>
<datafield tag="999" ind1="C" ind2="5">
<subfield code="r">physics/0402110</subfield>
<subfield code="s">Phys.Lett.,A333,181</subfield>
</datafield>
<datafield tag="999" ind1="C" ind2="5">
<subfield code="s">Phys.Rev.Lett.,93,083901</subfield>
</datafield>
<datafield tag="999" ind1="C" ind2="5">
<subfield code="r">cond-mat/0509636</subfield>
<subfield code="s">Phys.Rev.,D74,021701</subfield>
</datafield>
<datafield tag="999" ind1="C" ind2="5">
<subfield code="r">math-ph/0509031</subfield>
<subfield code="s">J.Geom.Phys.,57,925</subfield>
</datafield>
<datafield tag="999" ind1="C" ind2="5">
<subfield code="s">Science,319,787</subfield>
</datafield>
<datafield tag="999" ind1="C" ind2="5">
<subfield code="s">Nature Photon.,3,628</subfield>
</datafield>
<datafield tag="999" ind1="C" ind2="5">
<subfield code="r">hep-th/0002233</subfield>
<subfield code="s">Phys.Lett.,B479,284</subfield>
</datafield>
<datafield tag="999" ind1="C" ind2="5">
<subfield code="r">hep-th/0106089</subfield>
<subfield code="s">J.Phys.,A34,10097</subfield>
</datafield>
<datafield tag="999" ind1="C" ind2="5">
<subfield code="r">hep-th/0003130</subfield>
<subfield code="s">Phys.Lett.,B480,237</subfield>
</datafield>
<datafield tag="999" ind1="C" ind2="5">
<subfield code="r">hep-th/0209166</subfield>
<subfield code="s">Phys.Lett.,B547,306</subfield>
</datafield>
<datafield tag="269" ind1=" " ind2=" ">
<subfield code="c">2012-02</subfield>
</datafield>
<datafield tag="961" ind1=" " ind2=" ">
<subfield code="x">2012-02-15</subfield>
</datafield>
<datafield tag="961" ind1=" " ind2=" ">
<subfield code="c">2012-04-30</subfield>
</datafield>
</record>