
<record>
<datafield tag="980" ind1=" " ind2=" ">
<subfield code="a">CORE</subfield>
</datafield>
<datafield tag="980" ind1=" " ind2=" ">
<subfield code="a">arXiv</subfield>
</datafield>
<datafield tag="980" ind1=" " ind2=" ">
<subfield code="a">Citeable</subfield>
</datafield>
<datafield tag="980" ind1=" " ind2=" ">
<subfield code="a">HEP</subfield>
</datafield>
<datafield tag="980" ind1=" " ind2=" ">
<subfield code="a">CORE</subfield>
</datafield>
<datafield tag="037" ind1=" " ind2=" ">
<subfield code="9">arXiv</subfield>
<subfield code="a">arXiv:1304.7798</subfield>
<subfield code="c">hep-th</subfield>
</datafield>
<datafield tag="100" ind1=" " ind2=" ">
<subfield code="a">Donagi, Ron</subfield>
<subfield code="u">Pennsylvania U., Dept. Math.</subfield>
</datafield>
<datafield tag="035" ind1=" " ind2=" ">
<subfield code="9">INSPIRETeX</subfield>
<subfield code="a">Donagi:2013dua</subfield>
</datafield>
<datafield tag="035" ind1=" " ind2=" ">
<subfield code="9">arXiv</subfield>
<subfield code="a">oai:arXiv.org:1304.7798</subfield>
</datafield>
<datafield tag="035" ind1=" " ind2=" ">
<subfield code="9">DESY</subfield>
<subfield code="z">DA13-kp24f</subfield>
</datafield>
<datafield tag="856" ind1="4" ind2=" ">
<subfield code="u">http://inspirehep.net/record/1231519/files/arXiv%3A1304.7798.pdf</subfield>
</datafield>
<datafield tag="540" ind1=" " ind2=" ">
<subfield code="a">http://arxiv.org/licenses/nonexclusive-distrib/1.0/</subfield>
<subfield code="b">arXiv</subfield>
</datafield>
<datafield tag="595" ind1=" " ind2="D">
<subfield code="a">Z</subfield>
<subfield code="d">2013-05-10</subfield>
<subfield code="s">abs</subfield>
</datafield>
<datafield tag="595" ind1=" " ind2="D">
<subfield code="d">2013-05-14</subfield>
<subfield code="s">e19</subfield>
</datafield>
<datafield tag="595" ind1=" " ind2="D">
<subfield code="a">Z</subfield>
<subfield code="d">2013-05-14</subfield>
<subfield code="s">printed</subfield>
</datafield>
<datafield tag="595" ind1=" " ind2="D">
<subfield code="d">2013-06-17</subfield>
<subfield code="s">final</subfield>
</datafield>
<datafield tag="595" ind1=" " ind2="D">
<subfield code="d">2013-06-17</subfield>
<subfield code="s">final</subfield>
</datafield>
<datafield tag="520" ind1=" " ind2=" ">
<subfield code="9">arXiv</subfield>
<subfield code="a">We prove that for genus greater than or equal to 5, the moduli space of super Riemann surfaces is not projected (and in particular is not split): it cannot be holomorphically projected to its underlying reduced manifold. Physically, this means that certain approaches to superstring perturbation theory that are very powerful in low orders have no close analog in higher orders. Mathematically, it means that the moduli space of super Riemann surfaces cannot be constructed in an elementary way starting with the moduli space of ordinary Riemann surfaces. It has a life of its own.</subfield>
</datafield>
<datafield tag="650" ind1="1" ind2="7">
<subfield code="2">arXiv</subfield>
<subfield code="a">hep-th</subfield>
</datafield>
<datafield tag="650" ind1="1" ind2="7">
<subfield code="2">INSPIRE</subfield>
<subfield code="a">Theory-HEP</subfield>
</datafield>
<datafield tag="650" ind1="1" ind2="7">
<subfield code="2">arXiv</subfield>
<subfield code="a">math.AG</subfield>
</datafield>
<datafield tag="650" ind1="1" ind2="7">
<subfield code="2">INSPIRE</subfield>
<subfield code="a">math.AG</subfield>
</datafield>
<datafield tag="650" ind1="1" ind2="7">
<subfield code="2">INSPIRE</subfield>
<subfield code="a">Theory-HEP</subfield>
</datafield>
<datafield tag="650" ind1="1" ind2="7">
<subfield code="2">INSPIRE</subfield>
<subfield code="a">Math and Math Physics</subfield>
</datafield>
<datafield tag="650" ind1="1" ind2="7">
<subfield code="2">INSPIRE</subfield>
<subfield code="a">Theory-HEP</subfield>
</datafield>
<datafield tag="650" ind1="1" ind2="7">
<subfield code="2">INSPIRE</subfield>
<subfield code="a">Math and Math Physics</subfield>
</datafield>
<datafield tag="695" ind1=" " ind2=" ">
<subfield code="2">INSPIRE</subfield>
<subfield code="a">Riemann surface</subfield>
</datafield>
<datafield tag="695" ind1=" " ind2=" ">
<subfield code="2">INSPIRE</subfield>
<subfield code="a">moduli space</subfield>
</datafield>
<datafield tag="695" ind1=" " ind2=" ">
<subfield code="2">INSPIRE</subfield>
<subfield code="a">perturbation theory: string</subfield>
</datafield>
<datafield tag="695" ind1=" " ind2=" ">
<subfield code="2">INSPIRE</subfield>
<subfield code="a">higher-order</subfield>
</datafield>
<datafield tag="695" ind1=" " ind2=" ">
<subfield code="2">INSPIRE</subfield>
<subfield code="a">superstring</subfield>
</datafield>
<datafield tag="695" ind1=" " ind2=" ">
<subfield code="2">INSPIRE</subfield>
<subfield code="a">geometry</subfield>
</datafield>
<datafield tag="700" ind1=" " ind2=" ">
<subfield code="a">Witten, Edward</subfield>
<subfield code="u">Princeton, Inst. Advanced Study</subfield>
</datafield>
<datafield tag="300" ind1=" " ind2=" ">
<subfield code="a">58</subfield>
</datafield>
<datafield tag="500" ind1=" " ind2=" ">
<subfield code="9">arXiv</subfield>
<subfield code="a">57 pp</subfield>
</datafield>
<datafield tag="999" ind1="C" ind2="5">
<subfield code="h">P. Green</subfield>
<subfield code="m">PAMS v.85 (1982)</subfield>
<subfield code="o">1</subfield>
<subfield code="t">On Holomorphic Graded Manifolds</subfield>
</datafield>
<datafield tag="999" ind1="C" ind2="5">
<subfield code="h">F. Berezin</subfield>
<subfield code="m">Introduction to Superanalysis Publishing (1987)</subfield>
<subfield code="o">2</subfield>
<subfield code="p">Reidel</subfield>
</datafield>
<datafield tag="999" ind1="C" ind2="5">
<subfield code="h">Y. Manin</subfield>
<subfield code="m">Gauge Field Theory and Complex Geometry, Grundlehren 289 (1988)</subfield>
<subfield code="o">3</subfield>
<subfield code="p">Springer</subfield>
</datafield>
<datafield tag="999" ind1="C" ind2="5">
<subfield code="h">A. Vaintrob</subfield>
<subfield code="o">4</subfield>
<subfield code="s">Funct.Anal.Appl.,18,135</subfield>
<subfield code="t">Deformations of Complex Structures on Supermanifolds</subfield>
<subfield code="y">1984</subfield>
</datafield>
<datafield tag="999" ind1="C" ind2="5">
<subfield code="h">M. Rothstein</subfield>
<subfield code="m">Deformations of Complex Supermanifolds, PAMS v.95 (1985)</subfield>
<subfield code="o">5</subfield>
</datafield>
<datafield tag="999" ind1="C" ind2="5">
<subfield code="h">A.L. Onishchik</subfield>
<subfield code="m">(1986), published in Lie Groups, Geometric Structures and Differential Equations, One Hundred Years after Sophus Lie, Surikaisekikenkyusho Kokyuroku No. 1150 (2000), 45-53</subfield>
<subfield code="o">6</subfield>
<subfield code="t">Non-Split Supermanifolds Associated with the Cotangent Bundle</subfield>
</datafield>
<datafield tag="999" ind1="C" ind2="5">
<subfield code="0">232016</subfield>
<subfield code="h">A. Baranov and A. Schwarz</subfield>
<subfield code="o">7</subfield>
<subfield code="s">JETP Lett.,42,419</subfield>
<subfield code="t">Multiloop Contribution To String Theory</subfield>
<subfield code="y">1985</subfield>
</datafield>
<datafield tag="999" ind1="C" ind2="5">
<subfield code="0">22015</subfield>
<subfield code="h">A. Baranov and A. Schwarz</subfield>
<subfield code="o">8</subfield>
<subfield code="s">Int.J.Mod.Phys.,A2,1773</subfield>
<subfield code="t">On The Multiloop Contribution To The String Theory</subfield>
<subfield code="y">1987</subfield>
</datafield>
<datafield tag="999" ind1="C" ind2="5">
<subfield code="h">D. Friedan</subfield>
<subfield code="m">in: M. B. Green et al. (eds.) Unified String Theories (World-Scientic, 1986), pp. 162-213</subfield>
<subfield code="o">9</subfield>
<subfield code="t">Notes On String Theory And Two Dimensional Conformal Field Theory</subfield>
</datafield>
<datafield tag="999" ind1="C" ind2="5">
<subfield code="h">I. Manin</subfield>
<subfield code="m">Yu</subfield>
<subfield code="o">10</subfield>
<subfield code="s">Funct.Anal.Appl.,20,244</subfield>
<subfield code="t">Critical Dimensions of String Theories and the Dualizing Sheaf on the Moduli Space of (Super) Curves</subfield>
<subfield code="y">1987</subfield>
</datafield>
<datafield tag="999" ind1="C" ind2="5">
<subfield code="0">22576</subfield>
<subfield code="h">A. A. Rosly, A. S. Schwarz, and A. A. Voronov</subfield>
<subfield code="o">11</subfield>
<subfield code="s">Commun.Math.Phys.,119,129</subfield>
<subfield code="t">Geometry Of Superconformal Manifolds</subfield>
<subfield code="y">1988</subfield>
</datafield>
<datafield tag="999" ind1="C" ind2="5">
<subfield code="0">1185284</subfield>
<subfield code="h">E. Witten</subfield>
<subfield code="o">12</subfield>
<subfield code="r">arXiv:1209.2459</subfield>
<subfield code="t">Notes On Super Riemann Surfaces And Their Moduli</subfield>
</datafield>
<datafield tag="999" ind1="C" ind2="5">
<subfield code="0">283151</subfield>
<subfield code="h">S. N. Dolgikh, A. A. Rosly, and A. S. Schwarz</subfield>
<subfield code="o">13</subfield>
<subfield code="s">Commun.Math.Phys.,135,91</subfield>
<subfield code="t">Supermoduli Spaces</subfield>
<subfield code="y">1990</subfield>
</datafield>
<datafield tag="999" ind1="C" ind2="5">
<subfield code="0">261475</subfield>
<subfield code="h">E. DHoker and D. H. Phong</subfield>
<subfield code="o">14</subfield>
<subfield code="s">Rev.Mod.Phys.,60,917</subfield>
<subfield code="t">The Geometry Of String Perturbation Theory</subfield>
<subfield code="y">1988</subfield>
</datafield>
<datafield tag="999" ind1="C" ind2="5">
<subfield code="0">1188034</subfield>
<subfield code="h">E. Witten</subfield>
<subfield code="o">15</subfield>
<subfield code="r">arXiv:1209.5461</subfield>
<subfield code="t">Superstring Perturbation Theory Revisited</subfield>
</datafield>
<datafield tag="999" ind1="C" ind2="5">
<subfield code="0">601961</subfield>
<subfield code="h">E. DHoker and D. H. Phong</subfield>
<subfield code="m">Adv. Lect. Math. 1 85-123 58 RON DONAGI AND EDWARD WITTEN</subfield>
<subfield code="o">16</subfield>
<subfield code="r">hep-th/0211111</subfield>
<subfield code="t">Lectures On Two-Loop Superstrings</subfield>
</datafield>
<datafield tag="999" ind1="C" ind2="5">
<subfield code="h">J. Ebert and O. Randal-Williams</subfield>
<subfield code="o">17</subfield>
<subfield code="r">arXiv:1012.0901</subfield>
<subfield code="t">Stable Cohomology Of The Universal Picard Varieties And The Extended Mapping Class Group</subfield>
</datafield>
<datafield tag="999" ind1="C" ind2="5">
<subfield code="h">O. Randal-Williams</subfield>
<subfield code="o">18</subfield>
<subfield code="r">arXiv:1102.0715</subfield>
<subfield code="t">The Picard Group Of The Moduli Space Of r-Spin Riemann Surfaces</subfield>
</datafield>
<datafield tag="999" ind1="C" ind2="5">
<subfield code="h">S. Gorchinskiy and F. Viviani</subfield>
<subfield code="o">19</subfield>
<subfield code="r">arXiv:0802.0635</subfield>
<subfield code="t">A note on families of hyperelliptic curves</subfield>
</datafield>
<datafield tag="999" ind1="C" ind2="5">
<subfield code="h">S. M. Natanzon</subfield>
<subfield code="m">Moduli Of Riemann Surfaces, Real Algebraic Curves, And Their Superanalogs AMS Translations of Mathematical Monographs (2004)</subfield>
<subfield code="o">20</subfield>
</datafield>
<datafield tag="999" ind1="C" ind2="5">
<subfield code="i">0-82183594-7</subfield>
<subfield code="m">Vol. 225</subfield>
<subfield code="o">20</subfield>
</datafield>
<datafield tag="999" ind1="C" ind2="5">
<subfield code="h">R. Donagi and E. Witten</subfield>
<subfield code="m">to appear</subfield>
<subfield code="o">21</subfield>
</datafield>
<datafield tag="999" ind1="C" ind2="5">
<subfield code="0">1185124</subfield>
<subfield code="h">E. Witten</subfield>
<subfield code="o">22</subfield>
<subfield code="r">arXiv:1209.2199</subfield>
<subfield code="t">Notes On Supermanifolds and Integration</subfield>
</datafield>
<datafield tag="999" ind1="C" ind2="5">
<subfield code="h">K. Kodaira</subfield>
<subfield code="m">J. Analyse Math 19 (1967) 207215</subfield>
<subfield code="o">23</subfield>
<subfield code="t">A Certain Type of Irregular Algebraic Surfaces</subfield>
</datafield>
<datafield tag="999" ind1="C" ind2="5">
<subfield code="h">M. Atiyah</subfield>
<subfield code="m">in Global Analysis (Papers in Honor of K. Kodaira Univ. Tokyo Press, Tokyo (1969) 73-84</subfield>
<subfield code="o">24</subfield>
<subfield code="t">The Signature of Fibre-Bundles</subfield>
</datafield>
<datafield tag="999" ind1="C" ind2="5">
<subfield code="h">F. Hirzebruch</subfield>
<subfield code="m">in Global Analysis (Papers in Honor of K. Kodaira Univ. Tokyo Press, Tokyo (1969) 253-265</subfield>
<subfield code="o">25</subfield>
<subfield code="t">The Signature of Ramified Coverings</subfield>
</datafield>
<datafield tag="999" ind1="C" ind2="5">
<subfield code="h">J. Bryan and R. Donagi</subfield>
<subfield code="m">Geometry and</subfield>
<subfield code="o">26</subfield>
<subfield code="s">Topology,6,59</subfield>
<subfield code="t">Surface Bundles Over Surfaces of Small Genus</subfield>
<subfield code="y">2002</subfield>
</datafield>
<datafield tag="999" ind1="C" ind2="5">
<subfield code="h">F. Oort</subfield>
<subfield code="m">Inventiones Math. 24, 95 - 119 (1974)</subfield>
<subfield code="o">27</subfield>
<subfield code="t">Subvarieties of Moduli Spaces</subfield>
</datafield>
<datafield tag="999" ind1="C" ind2="5">
<subfield code="h">J. Harris, I. Morrison</subfield>
<subfield code="m">Moduli of Curves Graduate Texts in Mathematics 187 (1998)</subfield>
<subfield code="o">28</subfield>
<subfield code="p">Springer</subfield>
</datafield>
<datafield tag="999" ind1="C" ind2="5">
<subfield code="h">M. Cornalba</subfield>
<subfield code="m">in: Lectures on Riemann surfaces (Trieste, 1987), World Sci. Publ., 560-589</subfield>
<subfield code="o">29</subfield>
<subfield code="t">Moduli of Curves and Theta Characteristics</subfield>
</datafield>
<datafield tag="999" ind1="C" ind2="5">
<subfield code="h">L. Caporaso and C. Casagrande</subfield>
<subfield code="m">arXiv:</subfield>
<subfield code="o">30</subfield>
<subfield code="r">math/0209018</subfield>
<subfield code="s">Commun.Algebra,359,3733</subfield>
<subfield code="t">Combinatorial Properties of Stable Spin Curves</subfield>
<subfield code="y">2007</subfield>
</datafield>
<datafield tag="999" ind1="C" ind2="5">
<subfield code="h">G. Farkas</subfield>
<subfield code="m">to appear in the Milan Journal of Mathematics</subfield>
<subfield code="o">31</subfield>
<subfield code="r">arXiv:1201.2557</subfield>
<subfield code="t">Theta Characteristics and Their Moduli</subfield>
</datafield>
<datafield tag="999" ind1="C" ind2="5">
<subfield code="h">D. Mumford</subfield>
<subfield code="m">(1974) in Ahlfors, Lars V</subfield>
<subfield code="o">32</subfield>
<subfield code="t">Prym varieties. I</subfield>
</datafield>
<datafield tag="999" ind1="C" ind2="5">
<subfield code="m">Kra, Irwin</subfield>
<subfield code="o">32</subfield>
</datafield>
<datafield tag="999" ind1="C" ind2="5">
<subfield code="h">Louis et al.</subfield>
<subfield code="m">Nirenberg Contributions to analysis (a collection of papers dedicated to Lipman Bers), Boston, MA: Press, pp. 325350. Department of Mathematics, University of Pennsylvania, Philadelphia, PA 19104 E-mail address: donagi@math.upenn.edu Institute for Avanced Study, Princeton NJ 08540 E-mail address: witten@ias.edu</subfield>
<subfield code="o">32</subfield>
<subfield code="p">Academic</subfield>
</datafield>
<datafield tag="999" ind1="C" ind2="6">
<subfield code="a">0-0-0-3-0-0-1</subfield>
<subfield code="t">2013-05-01 10:03:05</subfield>
<subfield code="v">Invenio/1.0.0.1712-3d18 refextract/1.5.32</subfield>
</datafield>
<datafield tag="245" ind1=" " ind2=" ">
<subfield code="9">arXiv</subfield>
<subfield code="a">Supermoduli Space Is Not Projected</subfield>
</datafield>
<datafield tag="246" ind1=" " ind2=" ">
<subfield code="9">arXiv</subfield>
<subfield code="a">Supermoduli Space Is Not Projected</subfield>
</datafield>
<datafield tag="269" ind1=" " ind2=" ">
<subfield code="c">2013-04-29</subfield>
</datafield>
</record>